ItemCode,ITEM,EAN,Qty,RRP,Price  (£),NEW,ORDER,TOTAL VALUE,search_number,shop_name,price,product_link
01-4711-OG-CS300,4711 ORIGINAL EDC-S 300ML,4011700740055.0,1000+,24.0,9.95,,,0.0,913912.0,Perfumeclick.co.uk,£16.55 £55.17/L,https://www.idealo.co.uk/relocator/relocate?categoryId=16252&offerKey=f4da7fa11924b0b56a610f00df848b5d&offerListId=913912-0292908D4BEFE970A8D9DA69A682F60E&pos=1&price=16.55&productid=913912&sid=69736&type=offer
01-4711-OG-CS300,4711 ORIGINAL EDC-S 300ML,4011700740055.0,1000+,24.0,9.95,,,0.0,913912.0,cosmetify.com,£17.38 £57.93/L,https://www.idealo.co.uk/relocator/relocate?categoryId=16252&offerKey=9d87748243a5a45d4b506e6468858f95&offerListId=913912-0292908D4BEFE970A8D9DA69A682F60E&pos=2&price=17.38&productid=913912&sid=329503&type=offer
01-4711-OG-CS300,4711 ORIGINAL EDC-S 300ML,4011700740055.0,1000+,24.0,9.95,,,0.0,913912.0,Dressinn.com (UK),£17.99 £59.97/L,https://www.idealo.co.uk/relocator/relocate?categoryId=16252&offerKey=bb43df5b9e2024d1313184d11176985b&offerListId=913912-0292908D4BEFE970A8D9DA69A682F60E&pos=3&price=17.99&productid=913912&sid=318629&type=offer
01-4711-OG-CS300,4711 ORIGINAL EDC-S 300ML,4011700740055.0,1000+,24.0,9.95,,,0.0,913912.0,Amazon-marketplace.co.uk,£18.61 £62.03/L,https://www.idealo.co.uk/relocator/relocate?categoryId=16252&offerKey=2cf2179e22ff84a03fe07010713287b5&offerListId=913912-0292908D4BEFE970A8D9DA69A682F60E&pos=4&price=18.61&productid=913912&sid=22828&type=offer
01-4711-OG-CS300,4711 ORIGINAL EDC-S 300ML,4011700740055.0,1000+,24.0,9.95,,,0.0,913912.0,onbuy.com,£20.98 £69.93/L,https://www.idealo.co.uk/relocator/relocate?categoryId=16252&offerKey=73f0bfdfdd1a7a9f1ac4961620c3de24&offerListId=913912-0292908D4BEFE970A8D9DA69A682F60E&pos=5&price=20.98&productid=913912&sid=316895&type=offer
01-4711-OG-CS300,4711 ORIGINAL EDC-S 300ML,4011700740055.0,1000+,24.0,9.95,,,0.0,913912.0,ebay.co.uk,£26.95 £89.83/L,https://www.idealo.co.uk/relocator/relocate?categoryId=16252&offerKey=3c33507220112f5b302bafcb27b2fc88&offerListId=913912-0292908D4BEFE970A8D9DA69A682F60E&pos=6&price=26.95&productid=913912&sid=22818&type=offer
01-4711-OG-CS300,4711 ORIGINAL EDC-S 300ML,4011700740055.0,1000+,24.0,9.95,,,0.0,913912.0,amazon.co.uk,£30.29 £100.97/L,https://www.idealo.co.uk/relocator/relocate?categoryId=16252&offerKey=ac902701b619d698a877518fd4498e16&offerListId=913912-0292908D4BEFE970A8D9DA69A682F60E&pos=7&price=30.29&productid=913912&sid=12004&type=offer
01-4711-OG-CS300,4711 ORIGINAL EDC-S 300ML,4011700740055.0,1000+,24.0,9.95,,,0.0,913912.0,parfumdreams.co.uk,£34.59 £115.30/L,https://www.idealo.co.uk/relocator/relocate?categoryId=16252&offerKey=d5b2ce3c6d724b6408c12d8a80221340&offerListId=913912-0292908D4BEFE970A8D9DA69A682F60E&pos=8&price=34.59&productid=913912&sid=316458&type=offer
01-AF-FIB-PS100,ABERCROMBIE & FITCH FIRST INSTINCT BLUE EDP-S 100ML,85715167224.0,1000+,68.0,12.95,,,0.0,6379692.0,notino.co.uk,£22.00 £220.00/L,https://www.idealo.co.uk/relocator/relocate?categoryId=3972&offerKey=fd83da6a6dd57bd94fd39316739d4c18&offerListId=6379692-2BC4BC827C2EA34D997EB0E66427DB16&pos=1&price=22.00&productid=6379692&sid=307734&type=offer
01-AF-FIB-PS100,ABERCROMBIE & FITCH FIRST INSTINCT BLUE EDP-S 100ML,85715167224.0,1000+,68.0,12.95,,,0.0,6379692.0,Perfumeclick.co.uk,£24.20 £242.00/L,https://www.idealo.co.uk/relocator/relocate?categoryId=3972&offerKey=fd0a1cd118e3f63572033fd4f81f5e52&offerListId=6379692-2BC4BC827C2EA34D997EB0E66427DB16&pos=2&price=24.20&productid=6379692&sid=69736&type=offer
01-AF-FIB-PS100,ABERCROMBIE & FITCH FIRST INSTINCT BLUE EDP-S 100ML,85715167224.0,1000+,68.0,12.95,,,0.0,6379692.0,cosmetify.com,£25.41 £254.10/L,https://www.idealo.co.uk/relocator/relocate?categoryId=3972&offerKey=a877ea04d1d92dbdb1a90f1410078c12&offerListId=6379692-2BC4BC827C2EA34D997EB0E66427DB16&pos=3&price=25.41&productid=6379692&sid=329503&type=offer
01-AF-FIB-PS100,ABERCROMBIE & FITCH FIRST INSTINCT BLUE EDP-S 100ML,85715167224.0,1000+,68.0,12.95,,,0.0,6379692.0,Amazon-marketplace.co.uk,£26.88 £268.80/L,https://www.idealo.co.uk/relocator/relocate?categoryId=3972&offerKey=10fdadcc6791b2ef969d51cffeda38a4&offerListId=6379692-2BC4BC827C2EA34D997EB0E66427DB16&pos=4&price=26.88&productid=6379692&sid=22828&type=offer
01-AF-FIB-PS100,ABERCROMBIE & FITCH FIRST INSTINCT BLUE EDP-S 100ML,85715167224.0,1000+,68.0,12.95,,,0.0,6379692.0,ebay.co.uk,£26.92 £269.20/L,https://www.idealo.co.uk/relocator/relocate?categoryId=3972&offerKey=28d74dea71e01292329c808c5cd746bd&offerListId=6379692-2BC4BC827C2EA34D997EB0E66427DB16&pos=5&price=26.92&productid=6379692&sid=22818&type=offer
01-AF-FIB-PS100,ABERCROMBIE & FITCH FIRST INSTINCT BLUE EDP-S 100ML,85715167224.0,1000+,68.0,12.95,,,0.0,6379692.0,onbuy.com,£26.99 £269.90/L,https://www.idealo.co.uk/relocator/relocate?categoryId=3972&offerKey=01316a0e31013a3df8fb7bf5b1087786&offerListId=6379692-2BC4BC827C2EA34D997EB0E66427DB16&pos=6&price=26.99&productid=6379692&sid=316895&type=offer
01-AF-FIB-PS100,ABERCROMBIE & FITCH FIRST INSTINCT BLUE EDP-S 100ML,85715167224.0,1000+,68.0,12.95,,,0.0,6379692.0,allbeauty.com(UK),£37.95 £379.50/L,https://www.idealo.co.uk/relocator/relocate?categoryId=3972&offerKey=da03a0b4fa98dd6f54a99dd520bb6f8e&offerListId=6379692-2BC4BC827C2EA34D997EB0E66427DB16&pos=7&price=37.95&productid=6379692&sid=28942&type=offer
01-AFN-9AM-PS100,AFNAN 9AM POUR FEMME EDP-S 100ML,6290171072591.0,122,35.0,14.5,,,0.0,202338655.0,Perfumeclick.co.uk,£24.20 £242.00/L,https://www.idealo.co.uk/relocator/relocate?categoryId=3972&offerKey=709a83aeb051b661b889f6ec1f6c39dc&offerListId=202338655-9E10D78BF55893F92F5BCEDD54A318EB&pos=1&price=24.20&productid=202338655&sid=69736&type=offer
01-AFN-9AM-PS100,AFNAN 9AM POUR FEMME EDP-S 100ML,6290171072591.0,122,35.0,14.5,,,0.0,202338655.0,ebay.co.uk,£24.89 £248.90/L,https://www.idealo.co.uk/relocator/relocate?categoryId=3972&offerKey=8610bac63bce7bee5deb869236f7d558&offerListId=202338655-9E10D78BF55893F92F5BCEDD54A318EB&pos=2&price=24.89&productid=202338655&sid=22818&type=offer
01-AFN-9AM-PS100,AFNAN 9AM POUR FEMME EDP-S 100ML,6290171072591.0,122,35.0,14.5,,,0.0,202338655.0,cosmetify.com,£24.99 £249.90/L,https://www.idealo.co.uk/relocator/relocate?categoryId=3972&offerKey=8692c5c8b65f00921e35aef72ca07fa4&offerListId=202338655-9E10D78BF55893F92F5BCEDD54A318EB&pos=3&price=24.99&productid=202338655&sid=329503&type=offer
01-AFN-9AM-PS100,AFNAN 9AM POUR FEMME EDP-S 100ML,6290171072591.0,122,35.0,14.5,,,0.0,202338655.0,perfumedirect.com,£24.99 £249.90/L,https://www.idealo.co.uk/relocator/relocate?categoryId=3972&offerKey=57010243e9114d57c58620b4371686c7&offerListId=202338655-9E10D78BF55893F92F5BCEDD54A318EB&pos=4&price=24.99&productid=202338655&sid=318630&type=offer
01-AFN-9AM-PS100,AFNAN 9AM POUR FEMME EDP-S 100ML,6290171072591.0,122,35.0,14.5,,,0.0,202338655.0,cosmetify.com,£25.41 £254.10/L,https://www.idealo.co.uk/relocator/relocate?categoryId=3972&offerKey=a0f0c2da0d63a659666b3a229d2a7a40&offerListId=202338655-9E10D78BF55893F92F5BCEDD54A318EB&pos=5&price=25.41&productid=202338655&sid=329503&type=offer
01-AFN-9AM-PS100,AFNAN 9AM POUR FEMME EDP-S 100ML,6290171072591.0,122,35.0,14.5,,,0.0,202338655.0,allbeauty.com(UK),£26.95 £269.50/L,https://www.idealo.co.uk/relocator/relocate?categoryId=3972&offerKey=bfccd716a64ed9c21339ed1c2bc07523&offerListId=202338655-9E10D78BF55893F92F5BCEDD54A318EB&pos=6&price=26.95&productid=202338655&sid=28942&type=offer
01-AFN-9AM-PS100,AFNAN 9AM POUR FEMME EDP-S 100ML,6290171072591.0,122,35.0,14.5,,,0.0,202338655.0,Fragrancedirect.co.uk,£28.25 £282.50/L,https://www.idealo.co.uk/relocator/relocate?categoryId=3972&offerKey=3b9af89337cfd1b4f3fdd401328f59c9&offerListId=202338655-9E10D78BF55893F92F5BCEDD54A318EB&pos=7&price=28.25&productid=202338655&sid=21971&type=offer
01-AFN-9AM-PS100,AFNAN 9AM POUR FEMME EDP-S 100ML,6290171072591.0,122,35.0,14.5,,,0.0,202338655.0,onbuy.com,£29.31 £293.10/L,https://www.idealo.co.uk/relocator/relocate?categoryId=3972&offerKey=aceca5a0a9438a633094e1fc9595420e&offerListId=202338655-9E10D78BF55893F92F5BCEDD54A318EB&pos=8&price=29.31&productid=202338655&sid=316895&type=offer
01-AFN-9AM-PS100,AFNAN 9AM POUR FEMME EDP-S 100ML,6290171072591.0,122,35.0,14.5,,,0.0,202338655.0,,£29.92 £299.20/L,https://www.idealo.co.uk/relocator/relocate?categoryId=3972&offerKey=2cb5e4c803786806c7b962627b64f5f8&offerListId=202338655-9E10D78BF55893F92F5BCEDD54A318EB&pos=9&price=29.92&productid=202338655&sid=307734&type=offer
01-AFN-9AM-PS100,AFNAN 9AM POUR FEMME EDP-S 100ML,6290171072591.0,122,35.0,14.5,,,0.0,202338655.0,beautybase.com(UK),£29.99 £299.90/L,https://www.idealo.co.uk/relocator/relocate?categoryId=3972&offerKey=ef4688f54c9175905e2b2e7a44b59b06&offerListId=202338655-9E10D78BF55893F92F5BCEDD54A318EB&pos=10&price=29.99&productid=202338655&sid=299115&type=offer
01-AFN-9AM-PS100,AFNAN 9AM POUR FEMME EDP-S 100ML,6290171072591.0,122,35.0,14.5,,,0.0,202338655.0,Amazon-marketplace.co.uk,£31.69 £316.90/L,https://www.idealo.co.uk/relocator/relocate?categoryId=3972&offerKey=07a6c664fc40bea8ce3e3ca883052959&offerListId=202338655-9E10D78BF55893F92F5BCEDD54A318EB&pos=11&price=31.69&productid=202338655&sid=22828&type=offer
01-AFN-9AM-PS100,AFNAN 9AM POUR FEMME EDP-S 100ML,6290171072591.0,122,35.0,14.5,,,0.0,202338655.0,unineed.com,£34.99 £349.90/L,https://www.idealo.co.uk/relocator/relocate?categoryId=3972&offerKey=8822744986824daf6676e5eb3fb67354&offerListId=202338655-9E10D78BF55893F92F5BCEDD54A318EB&pos=12&price=34.99&productid=202338655&sid=314440&type=offer
01-AFN-9AM-PS100,AFNAN 9AM POUR FEMME EDP-S 100ML,6290171072591.0,122,35.0,14.5,,,0.0,202338655.0,cazaar.co.uk,£42.99 £429.90/L,https://www.idealo.co.uk/relocator/relocate?categoryId=3972&offerKey=05fb58bdbf2e34a9755d22aacf1f71da&offerListId=202338655-9E10D78BF55893F92F5BCEDD54A318EB&pos=13&price=42.99&productid=202338655&sid=331015&type=offer
01-AFN-9AM-PS100,AFNAN 9AM POUR FEMME EDP-S 100ML,6290171072591.0,122,35.0,14.5,,,0.0,202338655.0,Luxplus.co.uk,£55.99 £559.90/L,https://www.idealo.co.uk/relocator/relocate?categoryId=3972&offerKey=3b50add5cef56491529a96cc20a33726&offerListId=202338655-9E10D78BF55893F92F5BCEDD54A318EB&pos=14&price=55.99&productid=202338655&sid=322970&type=offer
01-AFN-STR-PS90,AFNAN SUPREMACY TAPAIS ROUGE EXTRAIT DE PARFUM 90ML,6290171073949.0,17,50.0,21.95,,,0.0,203805982.0,Perfumeclick.co.uk,£36.50 £405.56/L,https://www.idealo.co.uk/relocator/relocate?categoryId=8694&offerKey=b2d64694d8ce438955bc0ad161c7437c&offerListId=203805982-66D58F71A6DB952641A2F02DA8A8A0EE&pos=1&price=36.50&productid=203805982&sid=69736&type=offer
01-AFN-STR-PS90,AFNAN SUPREMACY TAPAIS ROUGE EXTRAIT DE PARFUM 90ML,6290171073949.0,17,50.0,21.95,,,0.0,203805982.0,allbeauty.com(UK),£43.99 £488.78/L,https://www.idealo.co.uk/relocator/relocate?categoryId=8694&offerKey=95b7a860a4b11582e96abadb7c2343ec&offerListId=203805982-66D58F71A6DB952641A2F02DA8A8A0EE&pos=2&price=43.99&productid=203805982&sid=28942&type=offer
01-AFN-STR-PS90,AFNAN SUPREMACY TAPAIS ROUGE EXTRAIT DE PARFUM 90ML,6290171073949.0,17,50.0,21.95,,,0.0,203805982.0,Fragrancedirect.co.uk,£47.95 £532.78/L,https://www.idealo.co.uk/relocator/relocate?categoryId=8694&offerKey=cac42106c6c675bcd624609ab7143833&offerListId=203805982-66D58F71A6DB952641A2F02DA8A8A0EE&pos=3&price=47.95&productid=203805982&sid=21971&type=offer
01-AFN-STR-PS90,AFNAN SUPREMACY TAPAIS ROUGE EXTRAIT DE PARFUM 90ML,6290171073949.0,17,50.0,21.95,,,0.0,203805982.0,notino.co.uk,£49.80 £553.33/L,https://www.idealo.co.uk/relocator/relocate?categoryId=8694&offerKey=55ba0b1970527b3393c81f45c0565687&offerListId=203805982-66D58F71A6DB952641A2F02DA8A8A0EE&pos=4&price=49.80&productid=203805982&sid=307734&type=offer
01-AFN-STR-PS90,AFNAN SUPREMACY TAPAIS ROUGE EXTRAIT DE PARFUM 90ML,6290171073949.0,17,50.0,21.95,,,0.0,203805982.0,Amazon-marketplace.co.uk,£55.45 £616.11/L,https://www.idealo.co.uk/relocator/relocate?categoryId=8694&offerKey=c1b67f3482761ce5614c521397645b5a&offerListId=203805982-66D58F71A6DB952641A2F02DA8A8A0EE&pos=5&price=55.45&productid=203805982&sid=22828&type=offer
01-AFN-STR-PS90,AFNAN SUPREMACY TAPAIS ROUGE EXTRAIT DE PARFUM 90ML,6290171073949.0,17,50.0,21.95,,,0.0,203805982.0,ebay.co.uk,£59.99 £666.56/L,https://www.idealo.co.uk/relocator/relocate?categoryId=8694&offerKey=c4264dabd92a8da347fa79cd3ea1244b&offerListId=203805982-66D58F71A6DB952641A2F02DA8A8A0EE&pos=6&price=59.99&productid=203805982&sid=22818&type=offer
01-AGP-AP-PS200,AGENT PROVOCATEUR EDP-S 200ML,85715710307.0,1000+,100.0,17.25,,,0.0,4828819.0,cosmetify.com,£30.56 £152.80/L,https://www.idealo.co.uk/relocator/relocate?categoryId=3972&offerKey=1c5854a1c329bfcbc5dbd392bd450188&offerListId=4828819-E69F7478E33A298492F7EE746C869103&pos=1&price=30.56&productid=4828819&sid=329503&type=offer
01-AGP-AP-PS200,AGENT PROVOCATEUR EDP-S 200ML,85715710307.0,1000+,100.0,17.25,,,0.0,4828819.0,ebay.co.uk,£31.94 £159.70/L,https://www.idealo.co.uk/relocator/relocate?categoryId=3972&offerKey=a608c8ba053e7f31b157415d02932635&offerListId=4828819-E69F7478E33A298492F7EE746C869103&pos=2&price=31.94&productid=4828819&sid=22818&type=offer
01-AGP-AP-PS200,AGENT PROVOCATEUR EDP-S 200ML,85715710307.0,1000+,100.0,17.25,,,0.0,4828819.0,Tjhughes.co.uk,£32.00 £160.00/L,https://www.idealo.co.uk/relocator/relocate?categoryId=3972&offerKey=066b6d13c9dfc62b9ee31d11f7bfd5b5&offerListId=4828819-E69F7478E33A298492F7EE746C869103&pos=3&price=32.00&productid=4828819&sid=28759&type=offer
01-AGP-AP-PS200,AGENT PROVOCATEUR EDP-S 200ML,85715710307.0,1000+,100.0,17.25,,,0.0,4828819.0,onbuy.com,£32.95 £164.75/L,https://www.idealo.co.uk/relocator/relocate?categoryId=3972&offerKey=c50ae69509a00d44e3ba2405edd22e7f&offerListId=4828819-E69F7478E33A298492F7EE746C869103&pos=4&price=32.95&productid=4828819&sid=316895&type=offer
01-AGP-AP-PS200,AGENT PROVOCATEUR EDP-S 200ML,85715710307.0,1000+,100.0,17.25,,,0.0,4828819.0,allbeauty.com(UK),£34.95 £174.75/L,https://www.idealo.co.uk/relocator/relocate?categoryId=3972&offerKey=65a60d09eb10dfed7f0cad146a6ba3f0&offerListId=4828819-E69F7478E33A298492F7EE746C869103&pos=5&price=34.95&productid=4828819&sid=28942&type=offer
01-AGP-AP-PS200,AGENT PROVOCATEUR EDP-S 200ML,85715710307.0,1000+,100.0,17.25,,,0.0,4828819.0,Directcosmetics.com(UK),£35.99 £179.95/L,https://www.idealo.co.uk/relocator/relocate?categoryId=3972&offerKey=c9aec8434126c19db8efec8566e8a7d0&offerListId=4828819-E69F7478E33A298492F7EE746C869103&pos=6&price=35.99&productid=4828819&sid=24317&type=offer
01-AGP-AP-PS200,AGENT PROVOCATEUR EDP-S 200ML,85715710307.0,1000+,100.0,17.25,,,0.0,4828819.0,secretsales.com (UK),£38.00 £190.00/L,https://www.idealo.co.uk/relocator/relocate?categoryId=3972&offerKey=2b7247d9695670ef0ac7db6ed259155a&offerListId=4828819-E69F7478E33A298492F7EE746C869103&pos=7&price=38.00&productid=4828819&sid=324015&type=offer
01-AGP-AP-PS200,AGENT PROVOCATEUR EDP-S 200ML,85715710307.0,1000+,100.0,17.25,,,0.0,4828819.0,beautybase.com(UK),£40.00 £200.00/L,https://www.idealo.co.uk/relocator/relocate?categoryId=3972&offerKey=b845521d8bdbef6a47ec42d6bf652593&offerListId=4828819-E69F7478E33A298492F7EE746C869103&pos=8&price=40.00&productid=4828819&sid=299115&type=offer
01-AGP-AP-PS200,AGENT PROVOCATEUR EDP-S 200ML,85715710307.0,1000+,100.0,17.25,,,0.0,4828819.0,Amazon-marketplace.co.uk,£41.70 £208.50/L,https://www.idealo.co.uk/relocator/relocate?categoryId=3972&offerKey=b0ac704a7e9a348f1a88b7d7cf57dcda&offerListId=4828819-E69F7478E33A298492F7EE746C869103&pos=9&price=41.70&productid=4828819&sid=22828&type=offer
01-AGP-AP-PS200,AGENT PROVOCATEUR EDP-S 200ML,85715710307.0,1000+,100.0,17.25,,,0.0,4828819.0,gadcet.com(UK),£45.00 £225.00/L,https://www.idealo.co.uk/relocator/relocate?categoryId=3972&offerKey=ea0ad0f80b5fd3b7b082492a25fc3552&offerListId=4828819-E69F7478E33A298492F7EE746C869103&pos=10&price=45.00&productid=4828819&sid=327398&type=offer
01-AGP-AP-PS200,AGENT PROVOCATEUR EDP-S 200ML,85715710307.0,1000+,100.0,17.25,,,0.0,4828819.0,Luxplus.co.uk,£48.99 £244.95/L,https://www.idealo.co.uk/relocator/relocate?categoryId=3972&offerKey=71d171084358ca9899cdf7c4c5e3dc63&offerListId=4828819-E69F7478E33A298492F7EE746C869103&pos=11&price=48.99&productid=4828819&sid=322970&type=offer
01-AGP-AP-PS200,AGENT PROVOCATEUR EDP-S 200ML,85715710307.0,1000+,100.0,17.25,,,0.0,4828819.0,onbuy.com,£55.99 £279.95/L,https://www.idealo.co.uk/relocator/relocate?categoryId=3972&offerKey=73db22a38a5f610c6e03a9bcf830acc9&offerListId=4828819-E69F7478E33A298492F7EE746C869103&pos=12&price=55.99&productid=4828819&sid=316895&type=offer
01-AGP-AP-PS200,AGENT PROVOCATEUR EDP-S 200ML,85715710307.0,1000+,100.0,17.25,,,0.0,4828819.0,cazaar.co.uk,£106.43 £532.15/L,https://www.idealo.co.uk/relocator/relocate?categoryId=3972&offerKey=c70a7c9936a5f9f3de7b93fa8bcee62c&offerListId=4828819-E69F7478E33A298492F7EE746C869103&pos=13&price=106.43&productid=4828819&sid=331015&type=offer
01-ALH-AM-PS100,AL HARAMAIN AMBER MUSK EDP-S 100ML,6291100130634.0,3,75.0,29.95,,,0.0,201982844.0,ebay.co.uk,£62.78 £627.80/L,https://www.idealo.co.uk/relocator/relocate?categoryId=16252&offerKey=141ca993019a9536eea8cb08e151e832&offerListId=201982844-781B9D181141F63E42539F34C29071AE&pos=1&price=62.78&productid=201982844&sid=22818&type=offer
01-ALH-AM-PS100,AL HARAMAIN AMBER MUSK EDP-S 100ML,6291100130634.0,3,75.0,29.95,,,0.0,201982844.0,cazaar.co.uk,£75.25 £752.50/L,https://www.idealo.co.uk/relocator/relocate?categoryId=16252&offerKey=e56bb77ac1fbbbbdb1eb748f3bff1a82&offerListId=201982844-781B9D181141F63E42539F34C29071AE&pos=2&price=75.25&productid=201982844&sid=331015&type=offer
01-ALH-AOG-PS60,AL HARAMAIN AMBER OUD GOLD EDP-S 60ML,6291100131716.0,118,65.0,28.95,,,0.0,201434467.0,onbuy.com,£35.51 £591.83/L,https://www.idealo.co.uk/relocator/relocate?categoryId=8694&offerKey=870570fe42e8ebbb3ab0f178f8590db5&offerListId=201434467-B4906D90BAE6CAEDF0C274072D8C4624&pos=1&price=35.51&productid=201434467&sid=316895&type=offer
01-ALH-AOG-PS60,AL HARAMAIN AMBER OUD GOLD EDP-S 60ML,6291100131716.0,118,65.0,28.95,,,0.0,201434467.0,Clearchemist.co.uk,£38.60 £643.33/L,https://www.idealo.co.uk/relocator/relocate?categoryId=8694&offerKey=a41f18443176748e4a52443e31eee696&offerListId=201434467-B4906D90BAE6CAEDF0C274072D8C4624&pos=2&price=38.60&productid=201434467&sid=289670&type=offer
01-ALH-AOG-PS60,AL HARAMAIN AMBER OUD GOLD EDP-S 60ML,6291100131716.0,118,65.0,28.95,,,0.0,201434467.0,ebay.co.uk,£41.58 £693.00/L,https://www.idealo.co.uk/relocator/relocate?categoryId=8694&offerKey=d3b3c7681baba8fbdb4e74796cf6b441&offerListId=201434467-B4906D90BAE6CAEDF0C274072D8C4624&pos=3&price=41.58&productid=201434467&sid=22818&type=offer
01-ALH-AOG-PS60,AL HARAMAIN AMBER OUD GOLD EDP-S 60ML,6291100131716.0,118,65.0,28.95,,,0.0,201434467.0,Perfumeclick.co.uk,£45.40 £756.67/L,https://www.idealo.co.uk/relocator/relocate?categoryId=8694&offerKey=cbfdf25cc52f04d15fe4f6cf06866f08&offerListId=201434467-B4906D90BAE6CAEDF0C274072D8C4624&pos=4&price=45.40&productid=201434467&sid=69736&type=offer
01-ALH-AOG-PS60,AL HARAMAIN AMBER OUD GOLD EDP-S 60ML,6291100131716.0,118,65.0,28.95,,,0.0,201434467.0,Therange.co.uk,£45.58 £759.67/L,https://www.idealo.co.uk/relocator/relocate?categoryId=8694&offerKey=e18859e638726a254e12d8b6f068239e&offerListId=201434467-B4906D90BAE6CAEDF0C274072D8C4624&pos=5&price=45.58&productid=201434467&sid=288194&type=offer
01-ALH-AOG-PS60,AL HARAMAIN AMBER OUD GOLD EDP-S 60ML,6291100131716.0,118,65.0,28.95,,,0.0,201434467.0,secretsales.com (UK),£48.27 £804.50/L,https://www.idealo.co.uk/relocator/relocate?categoryId=8694&offerKey=ce21103dd63e9511f34e55e7be7d36f7&offerListId=201434467-B4906D90BAE6CAEDF0C274072D8C4624&pos=6&price=48.27&productid=201434467&sid=324015&type=offer
01-ALH-AOG-PS60,AL HARAMAIN AMBER OUD GOLD EDP-S 60ML,6291100131716.0,118,65.0,28.95,,,0.0,201434467.0,notino.co.uk,£54.50 £908.33/L,https://www.idealo.co.uk/relocator/relocate?categoryId=8694&offerKey=e2b42fec71e1d1a1e72d8149ec3c73f9&offerListId=201434467-B4906D90BAE6CAEDF0C274072D8C4624&pos=7&price=54.50&productid=201434467&sid=307734&type=offer
01-ALH-AOG-PS60,AL HARAMAIN AMBER OUD GOLD EDP-S 60ML,6291100131716.0,118,65.0,28.95,,,0.0,201434467.0,Tjhughes.co.uk,£57.00 £950.00/L,https://www.idealo.co.uk/relocator/relocate?categoryId=8694&offerKey=f0e535c0c128071b84e3c9970f8d245a&offerListId=201434467-B4906D90BAE6CAEDF0C274072D8C4624&pos=8&price=57.00&productid=201434467&sid=28759&type=offer
01-ALH-AOW-PS100,AL HARAMAIN AMBER OUD WHITE EDP-S 100ML,6291100130115.0,5,75.0,30.95,,,0.0,202160557.0,ebay.co.uk,£45.32 £453.20/L,https://www.idealo.co.uk/relocator/relocate?categoryId=8694&offerKey=2142d0073d50633a462ada9f7215880f&offerListId=202160557-0E759BBAD406CB77A6D0A5DF3897D8DE&pos=1&price=45.32&productid=202160557&sid=22818&type=offer
01-ALH-AOW-PS100,AL HARAMAIN AMBER OUD WHITE EDP-S 100ML,6291100130115.0,5,75.0,30.95,,,0.0,202160557.0,secretsales.com (UK),£49.70 £497.00/L,https://www.idealo.co.uk/relocator/relocate?categoryId=8694&offerKey=bb18fc9473f856be31e73c69f9735b2b&offerListId=202160557-0E759BBAD406CB77A6D0A5DF3897D8DE&pos=2&price=49.70&productid=202160557&sid=324015&type=offer
01-ALH-AOW-PS100,AL HARAMAIN AMBER OUD WHITE EDP-S 100ML,6291100130115.0,5,75.0,30.95,,,0.0,202160557.0,Therange.co.uk,£52.09 £520.90/L,https://www.idealo.co.uk/relocator/relocate?categoryId=8694&offerKey=d4d7eb95482d671f2908c6e9c40908a0&offerListId=202160557-0E759BBAD406CB77A6D0A5DF3897D8DE&pos=3&price=52.09&productid=202160557&sid=288194&type=offer
01-ALH-AOW-PS100,AL HARAMAIN AMBER OUD WHITE EDP-S 100ML,6291100130115.0,5,75.0,30.95,,,0.0,202160557.0,cosmetify.com,£52.55 £525.50/L,https://www.idealo.co.uk/relocator/relocate?categoryId=8694&offerKey=205e71d88ffb3bc5dc31a69c7d9ed322&offerListId=202160557-0E759BBAD406CB77A6D0A5DF3897D8DE&pos=4&price=52.55&productid=202160557&sid=329503&type=offer
01-ALH-AOW-PS100,AL HARAMAIN AMBER OUD WHITE EDP-S 100ML,6291100130115.0,5,75.0,30.95,,,0.0,202160557.0,onbuy.com,£63.09 £630.90/L,https://www.idealo.co.uk/relocator/relocate?categoryId=8694&offerKey=55985bee36ba58f2b2b2f7769e7e7d4b&offerListId=202160557-0E759BBAD406CB77A6D0A5DF3897D8DE&pos=5&price=63.09&productid=202160557&sid=316895&type=offer
01-ALH-AOW-PS100,AL HARAMAIN AMBER OUD WHITE EDP-S 100ML,6291100130115.0,5,75.0,30.95,,,0.0,202160557.0,,£64.64 £646.40/L,https://www.idealo.co.uk/relocator/relocate?categoryId=8694&offerKey=b4be0eb037a831c304cc49306a3e33a6&offerListId=202160557-0E759BBAD406CB77A6D0A5DF3897D8DE&pos=6&price=64.64&productid=202160557&sid=307734&type=offer
01-ALH-AOW-PS100,AL HARAMAIN AMBER OUD WHITE EDP-S 100ML,6291100130115.0,5,75.0,30.95,,,0.0,202160557.0,Clearchemist.co.uk,£72.85 £728.50/L,https://www.idealo.co.uk/relocator/relocate?categoryId=8694&offerKey=3ad292aeed75d3f4955f3d64a784ab24&offerListId=202160557-0E759BBAD406CB77A6D0A5DF3897D8DE&pos=7&price=72.85&productid=202160557&sid=289670&type=offer
01-ALH-AOW-PS100,AL HARAMAIN AMBER OUD WHITE EDP-S 100ML,6291100130115.0,5,75.0,30.95,,,0.0,202160557.0,Tjhughes.co.uk,£74.00 £740.00/L,https://www.idealo.co.uk/relocator/relocate?categoryId=8694&offerKey=b98dc5dd533b87648bb2f9bde37de8c2&offerListId=202160557-0E759BBAD406CB77A6D0A5DF3897D8DE&pos=8&price=74.00&productid=202160557&sid=28759&type=offer
01-ALH-AOW-PS60,AL HARAMAIN AMBER OUD WHITE EDP-S 60ML,6291100131617.0,2,65.0,24.95,,,0.0,202052125.0,ebay.co.uk,£37.56 £626.00/L,https://www.idealo.co.uk/relocator/relocate?categoryId=8694&offerKey=5744af8b2aa0273199c42725981416e9&offerListId=202052125-BB9CF3C8F586196886A2AB6F17A8CB5C&pos=1&price=37.56&productid=202052125&sid=22818&type=offer
01-ALH-AOW-PS60,AL HARAMAIN AMBER OUD WHITE EDP-S 60ML,6291100131617.0,2,65.0,24.95,,,0.0,202052125.0,Perfumeclick.co.uk,£40.70 £678.33/L,https://www.idealo.co.uk/relocator/relocate?categoryId=8694&offerKey=e7de586cfcacd7095ceaf6b0af655b39&offerListId=202052125-BB9CF3C8F586196886A2AB6F17A8CB5C&pos=2&price=40.70&productid=202052125&sid=69736&type=offer
01-ALH-AOW-PS60,AL HARAMAIN AMBER OUD WHITE EDP-S 60ML,6291100131617.0,2,65.0,24.95,,,0.0,202052125.0,secretsales.com (UK),£42.12 £702.00/L,https://www.idealo.co.uk/relocator/relocate?categoryId=8694&offerKey=c6439339070f6474dc900a5f495f4fef&offerListId=202052125-BB9CF3C8F586196886A2AB6F17A8CB5C&pos=3&price=42.12&productid=202052125&sid=324015&type=offer
01-ALH-AOW-PS60,AL HARAMAIN AMBER OUD WHITE EDP-S 60ML,6291100131617.0,2,65.0,24.95,,,0.0,202052125.0,cosmetify.com,£42.74 £712.33/L,https://www.idealo.co.uk/relocator/relocate?categoryId=8694&offerKey=cb7a7aa8b66b33826dfb6fd4d5200285&offerListId=202052125-BB9CF3C8F586196886A2AB6F17A8CB5C&pos=4&price=42.74&productid=202052125&sid=329503&type=offer
01-ALH-AOW-PS60,AL HARAMAIN AMBER OUD WHITE EDP-S 60ML,6291100131617.0,2,65.0,24.95,,,0.0,202052125.0,cosmetify.com,£43.99 £733.17/L,https://www.idealo.co.uk/relocator/relocate?categoryId=8694&offerKey=79da643c419f443839025a800c7c51da&offerListId=202052125-BB9CF3C8F586196886A2AB6F17A8CB5C&pos=5&price=43.99&productid=202052125&sid=329503&type=offer
01-ALH-AOW-PS60,AL HARAMAIN AMBER OUD WHITE EDP-S 60ML,6291100131617.0,2,65.0,24.95,,,0.0,202052125.0,perfumedirect.com,£43.99 £733.17/L,https://www.idealo.co.uk/relocator/relocate?categoryId=8694&offerKey=1c32364b597bad95180b775ca97c47bd&offerListId=202052125-BB9CF3C8F586196886A2AB6F17A8CB5C&pos=6&price=43.99&productid=202052125&sid=318630&type=offer
01-ALH-AOW-PS60,AL HARAMAIN AMBER OUD WHITE EDP-S 60ML,6291100131617.0,2,65.0,24.95,,,0.0,202052125.0,onbuy.com,£45.38 £756.33/L,https://www.idealo.co.uk/relocator/relocate?categoryId=8694&offerKey=0f24b1f7cc3de2a7542e77b56b9a1c05&offerListId=202052125-BB9CF3C8F586196886A2AB6F17A8CB5C&pos=7&price=45.38&productid=202052125&sid=316895&type=offer
01-ALH-AOW-PS60,AL HARAMAIN AMBER OUD WHITE EDP-S 60ML,6291100131617.0,2,65.0,24.95,,,0.0,202052125.0,,£50.48 £841.33/L,https://www.idealo.co.uk/relocator/relocate?categoryId=8694&offerKey=a56fd588fdcaf3c28c540fece1f36b13&offerListId=202052125-BB9CF3C8F586196886A2AB6F17A8CB5C&pos=8&price=50.48&productid=202052125&sid=307734&type=offer
01-ALH-AOW-PS60,AL HARAMAIN AMBER OUD WHITE EDP-S 60ML,6291100131617.0,2,65.0,24.95,,,0.0,202052125.0,Tjhughes.co.uk,£52.00 £866.67/L,https://www.idealo.co.uk/relocator/relocate?categoryId=8694&offerKey=8f0d164c2e310cf98a040395e8d93fa4&offerListId=202052125-BB9CF3C8F586196886A2AB6F17A8CB5C&pos=9&price=52.00&productid=202052125&sid=28759&type=offer
01-ALH-AOW-PS60,AL HARAMAIN AMBER OUD WHITE EDP-S 60ML,6291100131617.0,2,65.0,24.95,,,0.0,202052125.0,Clearchemist.co.uk,£59.17 £986.17/L,https://www.idealo.co.uk/relocator/relocate?categoryId=8694&offerKey=a57068747b3045325c94d09a7a77a73d&offerListId=202052125-BB9CF3C8F586196886A2AB6F17A8CB5C&pos=10&price=59.17&productid=202052125&sid=289670&type=offer
01-ALH-AOW-PS60,AL HARAMAIN AMBER OUD WHITE EDP-S 60ML,6291100131617.0,2,65.0,24.95,,,0.0,202052125.0,Luxplus.co.uk,£59.25 £987.50/L,https://www.idealo.co.uk/relocator/relocate?categoryId=8694&offerKey=933d5dc2173d82331557ab0c0074fdc5&offerListId=202052125-BB9CF3C8F586196886A2AB6F17A8CB5C&pos=11&price=59.25&productid=202052125&sid=322970&type=offer
01-ALH-AOW-PS60,AL HARAMAIN AMBER OUD WHITE EDP-S 60ML,6291100131617.0,2,65.0,24.95,,,0.0,202052125.0,Amazon-marketplace.co.uk,£59.99 £999.83/L,https://www.idealo.co.uk/relocator/relocate?categoryId=8694&offerKey=bf297fcb80d5778096de1185d20007ee&offerListId=202052125-BB9CF3C8F586196886A2AB6F17A8CB5C&pos=12&price=59.99&productid=202052125&sid=22828&type=offer
01-AP-MIR-RB10,A DI PARMA MIRTO DI PANAREA ROLLER BALL EDT 10ML,8028713572821.0,1000+,30.0,5.5,,,0.0,201400023.0,cosmetify.com,£9.99 £999.00/L,https://www.idealo.co.uk/relocator/relocate?categoryId=16252&offerKey=13b52e9c89302ff2b0a94be49d1a4b3e&offerListId=201400023-50C2A8621BE1DEADFF5927F511F0DEFD&pos=1&price=9.99&productid=201400023&sid=329503&type=offer
01-AR-BIY-PS100,ARMANI BECAUSE ITS YOU EDP-S 100ML,3605522041486.0,136,105.0,50.95,,,0.0,5577660.0,perfumeuk.co.uk,£69.00 £690.00/L,https://www.idealo.co.uk/relocator/relocate?categoryId=3972&offerKey=5f7c82b55fe84e475797423f371de27b&offerListId=5577660-E42E8AD87C60A3E83259E3FFC85F3975&pos=1&price=69.00&productid=5577660&sid=323991&type=offer
01-AR-BIY-PS100,ARMANI BECAUSE ITS YOU EDP-S 100ML,3605522041486.0,136,105.0,50.95,,,0.0,5577660.0,Perfumeclick.co.uk,£69.15 £691.50/L,https://www.idealo.co.uk/relocator/relocate?categoryId=3972&offerKey=2a89f55bc30b9b3745ad12746832e302&offerListId=5577660-E42E8AD87C60A3E83259E3FFC85F3975&pos=2&price=69.15&productid=5577660&sid=69736&type=offer
01-AR-BIY-PS100,ARMANI BECAUSE ITS YOU EDP-S 100ML,3605522041486.0,136,105.0,50.95,,,0.0,5577660.0,cosmetify.com,£72.61 £726.10/L,https://www.idealo.co.uk/relocator/relocate?categoryId=3972&offerKey=cba7658dd7b7d589e6f0a3053f6e4363&offerListId=5577660-E42E8AD87C60A3E83259E3FFC85F3975&pos=3&price=72.61&productid=5577660&sid=329503&type=offer
01-AR-BIY-PS100,ARMANI BECAUSE ITS YOU EDP-S 100ML,3605522041486.0,136,105.0,50.95,,,0.0,5577660.0,onbuy.com,£73.95 £739.50/L,https://www.idealo.co.uk/relocator/relocate?categoryId=3972&offerKey=da4544d9c825d29632b25e6543045b7c&offerListId=5577660-E42E8AD87C60A3E83259E3FFC85F3975&pos=4&price=73.95&productid=5577660&sid=316895&type=offer
01-AR-BIY-PS100,ARMANI BECAUSE ITS YOU EDP-S 100ML,3605522041486.0,136,105.0,50.95,,,0.0,5577660.0,scentubeauty.co.uk,£76.00 £760.00/L,https://www.idealo.co.uk/relocator/relocate?categoryId=3972&offerKey=385027c3ec1edef758b216923ece2c01&offerListId=5577660-E42E8AD87C60A3E83259E3FFC85F3975&pos=5&price=76.00&productid=5577660&sid=333156&type=offer
01-AR-BIY-PS100,ARMANI BECAUSE ITS YOU EDP-S 100ML,3605522041486.0,136,105.0,50.95,,,0.0,5577660.0,parfumdreams.co.uk,£76.30 £763.00/L,https://www.idealo.co.uk/relocator/relocate?categoryId=3972&offerKey=9d6f4b6d69ba76cb7f8a6bf55e8c144e&offerListId=5577660-E42E8AD87C60A3E83259E3FFC85F3975&pos=6&price=76.30&productid=5577660&sid=316458&type=offer
01-AR-BIY-PS100,ARMANI BECAUSE ITS YOU EDP-S 100ML,3605522041486.0,136,105.0,50.95,,,0.0,5577660.0,Amazon-marketplace.co.uk,£80.00 £800.00/L,https://www.idealo.co.uk/relocator/relocate?categoryId=3972&offerKey=3d89852ce4be6e7c440181a456147063&offerListId=5577660-E42E8AD87C60A3E83259E3FFC85F3975&pos=7&price=80.00&productid=5577660&sid=22828&type=offer
01-AR-BIY-PS100,ARMANI BECAUSE ITS YOU EDP-S 100ML,3605522041486.0,136,105.0,50.95,,,0.0,5577660.0,amazon.co.uk,£81.75 £817.50/L,https://www.idealo.co.uk/relocator/relocate?categoryId=3972&offerKey=d45d9304f791e816648c985f5955e22d&offerListId=5577660-E42E8AD87C60A3E83259E3FFC85F3975&pos=8&price=81.75&productid=5577660&sid=12004&type=offer
01-AR-BIY-PS100,ARMANI BECAUSE ITS YOU EDP-S 100ML,3605522041486.0,136,105.0,50.95,,,0.0,5577660.0,allbeauty.com(UK),£81.75 £817.50/L,https://www.idealo.co.uk/relocator/relocate?categoryId=3972&offerKey=dcadb6c3c59f11d0202bb1a0ff616376&offerListId=5577660-E42E8AD87C60A3E83259E3FFC85F3975&pos=9&price=81.75&productid=5577660&sid=28942&type=offer
01-AR-BIY-PS100,ARMANI BECAUSE ITS YOU EDP-S 100ML,3605522041486.0,136,105.0,50.95,,,0.0,5577660.0,ebay.co.uk,£81.88 £818.80/L,https://www.idealo.co.uk/relocator/relocate?categoryId=3972&offerKey=4ff696df0c02c879898bf00589debaf7&offerListId=5577660-E42E8AD87C60A3E83259E3FFC85F3975&pos=10&price=81.88&productid=5577660&sid=22818&type=offer
01-AR-BIY-PS100,ARMANI BECAUSE ITS YOU EDP-S 100ML,3605522041486.0,136,105.0,50.95,,,0.0,5577660.0,Dressinn.com (UK),£82.99 £829.90/L,https://www.idealo.co.uk/relocator/relocate?categoryId=3972&offerKey=275c6ec7e07bb3ad37eb52c20d1b4fb6&offerListId=5577660-E42E8AD87C60A3E83259E3FFC85F3975&pos=11&price=82.99&productid=5577660&sid=318629&type=offer
01-AR-BIY-PS100,ARMANI BECAUSE ITS YOU EDP-S 100ML,3605522041486.0,136,105.0,50.95,,,0.0,5577660.0,notino.co.uk,£83.70 £837.00/L,https://www.idealo.co.uk/relocator/relocate?categoryId=3972&offerKey=cc77fa74975634e013b9653af422d5e0&offerListId=5577660-E42E8AD87C60A3E83259E3FFC85F3975&pos=12&price=83.70&productid=5577660&sid=307734&type=offer
01-AR-BIY-PS100,ARMANI BECAUSE ITS YOU EDP-S 100ML,3605522041486.0,136,105.0,50.95,,,0.0,5577660.0,perfumedirect.com,£83.99 £839.90/L,https://www.idealo.co.uk/relocator/relocate?categoryId=3972&offerKey=2ba2bf5ee44d83b4bf35ff8fef24831e&offerListId=5577660-E42E8AD87C60A3E83259E3FFC85F3975&pos=13&price=83.99&productid=5577660&sid=318630&type=offer
01-AR-BIY-PS100,ARMANI BECAUSE ITS YOU EDP-S 100ML,3605522041486.0,136,105.0,50.95,,,0.0,5577660.0,sephora.co.uk,£87.20 £872.00/L,https://www.idealo.co.uk/relocator/relocate?categoryId=3972&offerKey=4e36332cf3a1eca7f8ef430d406bf702&offerListId=5577660-E42E8AD87C60A3E83259E3FFC85F3975&pos=14&price=87.20&productid=5577660&sid=27998&type=offer
01-AR-BIY-PS100,ARMANI BECAUSE ITS YOU EDP-S 100ML,3605522041486.0,136,105.0,50.95,,,0.0,5577660.0,Scentsationalperfumes.com,£89.00 £890.00/L,https://www.idealo.co.uk/relocator/relocate?categoryId=3972&offerKey=3f5e5313fc26ebb9090872ac55502943&offerListId=5577660-E42E8AD87C60A3E83259E3FFC85F3975&pos=15&price=89.00&productid=5577660&sid=282041&type=offer
01-AR-BIY-PS100,ARMANI BECAUSE ITS YOU EDP-S 100ML,3605522041486.0,136,105.0,50.95,,,0.0,5577660.0,my-origines.com(UK),£90.13 £901.30/L,https://www.idealo.co.uk/relocator/relocate?categoryId=3972&offerKey=cffc975923f14e4ebeb8b36ca6fbe442&offerListId=5577660-E42E8AD87C60A3E83259E3FFC85F3975&pos=16&price=90.13&productid=5577660&sid=328503&type=offer
01-AR-BIY-PS100,ARMANI BECAUSE ITS YOU EDP-S 100ML,3605522041486.0,136,105.0,50.95,,,0.0,5577660.0,escentual.com(UK),£90.80 £908.00/L,https://www.idealo.co.uk/relocator/relocate?categoryId=3972&offerKey=8171f2e7eb455bfc3051276287fbba55&offerListId=5577660-E42E8AD87C60A3E83259E3FFC85F3975&pos=17&price=90.80&productid=5577660&sid=21988&type=offer
01-AR-BIY-PS100,ARMANI BECAUSE ITS YOU EDP-S 100ML,3605522041486.0,136,105.0,50.95,,,0.0,5577660.0,Scentsationalperfumes.com,£91.00 £910.00/L,https://www.idealo.co.uk/relocator/relocate?categoryId=3972&offerKey=61eff130ea4e3ee818650fb310a335b2&offerListId=5577660-E42E8AD87C60A3E83259E3FFC85F3975&pos=18&price=91.00&productid=5577660&sid=282041&type=offer
01-AR-BIY-PS100,ARMANI BECAUSE ITS YOU EDP-S 100ML,3605522041486.0,136,105.0,50.95,,,0.0,5577660.0,Boots.com (UK),£92.65 £926.50/L,https://www.idealo.co.uk/relocator/relocate?categoryId=3972&offerKey=8f647df899190cf92268f625f37c8de5&offerListId=5577660-E42E8AD87C60A3E83259E3FFC85F3975&pos=19&price=92.65&productid=5577660&sid=27286&type=offer
01-AR-DIA-PS100,ARMANI EMPORIO DIAMONDS EDP-S 100ML,3605520380310.0,1000+,80.0,35.95,,,0.0,930402.0,allbeauty.com(UK),£39.95 £399.50/L,https://www.idealo.co.uk/relocator/relocate?categoryId=3972&offerKey=4827d82ecdb20c4307da17f054fb7d47&offerListId=930402-D353148F53E847D650CE231954718475&pos=1&price=39.95&productid=930402&sid=28942&type=offer
01-AR-DIA-PS100,ARMANI EMPORIO DIAMONDS EDP-S 100ML,3605520380310.0,1000+,80.0,35.95,,,0.0,930402.0,Fragrancedirect.co.uk,£39.95 £399.50/L,https://www.idealo.co.uk/relocator/relocate?categoryId=3972&offerKey=09ee0f191e456ba1bb5e5abf8421e39c&offerListId=930402-D353148F53E847D650CE231954718475&pos=2&price=39.95&productid=930402&sid=21971&type=offer
01-AR-DIA-PS100,ARMANI EMPORIO DIAMONDS EDP-S 100ML,3605520380310.0,1000+,80.0,35.95,,,0.0,930402.0,debenhams.com,£40.00 £400.00/L,https://www.idealo.co.uk/relocator/relocate?categoryId=3972&offerKey=9d024fb9290bd47d30e75d6e826cc631&offerListId=930402-D353148F53E847D650CE231954718475&pos=3&price=40.00&productid=930402&sid=324109&type=offer
01-AR-DIA-PS100,ARMANI EMPORIO DIAMONDS EDP-S 100ML,3605520380310.0,1000+,80.0,35.95,,,0.0,930402.0,ebay.co.uk,£40.95 £409.50/L,https://www.idealo.co.uk/relocator/relocate?categoryId=3972&offerKey=5a40b57816964e266da5ea8b0e0c4502&offerListId=930402-D353148F53E847D650CE231954718475&pos=4&price=40.95&productid=930402&sid=22818&type=offer
01-AR-DIA-PS100,ARMANI EMPORIO DIAMONDS EDP-S 100ML,3605520380310.0,1000+,80.0,35.95,,,0.0,930402.0,Amazon-marketplace.co.uk,£44.57 £445.70/L,https://www.idealo.co.uk/relocator/relocate?categoryId=3972&offerKey=e599f14012a56d2e245fb136d3954faf&offerListId=930402-D353148F53E847D650CE231954718475&pos=5&price=44.57&productid=930402&sid=22828&type=offer
01-AR-DIA-PS100,ARMANI EMPORIO DIAMONDS EDP-S 100ML,3605520380310.0,1000+,80.0,35.95,,,0.0,930402.0,perfumeuk.co.uk,£45.00 £450.00/L,https://www.idealo.co.uk/relocator/relocate?categoryId=3972&offerKey=5c0dc5fd040af0a29cbac9ea43762b4f&offerListId=930402-D353148F53E847D650CE231954718475&pos=6&price=45.00&productid=930402&sid=323991&type=offer
01-AR-DIA-PS100,ARMANI EMPORIO DIAMONDS EDP-S 100ML,3605520380310.0,1000+,80.0,35.95,,,0.0,930402.0,scentubeauty.co.uk,£45.00 £450.00/L,https://www.idealo.co.uk/relocator/relocate?categoryId=3972&offerKey=8cdf184453ee4bc02f28559bef6902f4&offerListId=930402-D353148F53E847D650CE231954718475&pos=7&price=45.00&productid=930402&sid=333156&type=offer
01-AR-DIA-PS100,ARMANI EMPORIO DIAMONDS EDP-S 100ML,3605520380310.0,1000+,80.0,35.95,,,0.0,930402.0,onbuy.com,£47.00 £470.00/L,https://www.idealo.co.uk/relocator/relocate?categoryId=3972&offerKey=b22ce4232b1e9dc3b726345349c47957&offerListId=930402-D353148F53E847D650CE231954718475&pos=8&price=47.00&productid=930402&sid=316895&type=offer
01-AR-DIA-PS100,ARMANI EMPORIO DIAMONDS EDP-S 100ML,3605520380310.0,1000+,80.0,35.95,,,0.0,930402.0,onbuy.com,£48.00 £480.00/L,https://www.idealo.co.uk/relocator/relocate?categoryId=3972&offerKey=1138e7042b972fda70cc77e84d27f00d&offerListId=930402-D353148F53E847D650CE231954718475&pos=9&price=48.00&productid=930402&sid=316895&type=offer
01-AR-DIA-PS100,ARMANI EMPORIO DIAMONDS EDP-S 100ML,3605520380310.0,1000+,80.0,35.95,,,0.0,930402.0,Lookfantastic.com (UK),£48.00 £480.00/L,https://www.idealo.co.uk/relocator/relocate?categoryId=3972&offerKey=116ddedffea501a0f49884af7a5b7606&offerListId=930402-D353148F53E847D650CE231954718475&pos=10&price=48.00&productid=930402&sid=24416&type=offer
01-AR-DIA-PS100,ARMANI EMPORIO DIAMONDS EDP-S 100ML,3605520380310.0,1000+,80.0,35.95,,,0.0,930402.0,secretsales.com (UK),£51.95 £519.50/L,https://www.idealo.co.uk/relocator/relocate?categoryId=3972&offerKey=4089f8cd6c212a40de27468b56e4bd76&offerListId=930402-D353148F53E847D650CE231954718475&pos=11&price=51.95&productid=930402&sid=324015&type=offer
01-AR-DIA-PS100,ARMANI EMPORIO DIAMONDS EDP-S 100ML,3605520380310.0,1000+,80.0,35.95,,,0.0,930402.0,cosmetify.com,£52.45 £524.50/L,https://www.idealo.co.uk/relocator/relocate?categoryId=3972&offerKey=8b9f0babcf917c28429f235594c1a7e9&offerListId=930402-D353148F53E847D650CE231954718475&pos=12&price=52.45&productid=930402&sid=329503&type=offer
01-AR-DIA-PS100,ARMANI EMPORIO DIAMONDS EDP-S 100ML,3605520380310.0,1000+,80.0,35.95,,,0.0,930402.0,escentual.com(UK),£53.60 £536.00/L,https://www.idealo.co.uk/relocator/relocate?categoryId=3972&offerKey=06c32304dd31c13811f6c8ad1b8613b2&offerListId=930402-D353148F53E847D650CE231954718475&pos=13&price=53.60&productid=930402&sid=21988&type=offer
01-AR-DIA-PS100,ARMANI EMPORIO DIAMONDS EDP-S 100ML,3605520380310.0,1000+,80.0,35.95,,,0.0,930402.0,parfumdreams.co.uk,£60.91 £609.10/L,https://www.idealo.co.uk/relocator/relocate?categoryId=3972&offerKey=2fe0863bedc32ef667a8facb391280d5&offerListId=930402-D353148F53E847D650CE231954718475&pos=14&price=60.91&productid=930402&sid=316458&type=offer
01-AR-DIA-PS100,ARMANI EMPORIO DIAMONDS EDP-S 100ML,3605520380310.0,1000+,80.0,35.95,,,0.0,930402.0,Scentsationalperfumes.com,£62.50 £625.00/L,https://www.idealo.co.uk/relocator/relocate?categoryId=3972&offerKey=99734fc66849bc3ecec39afa95937247&offerListId=930402-D353148F53E847D650CE231954718475&pos=15&price=62.50&productid=930402&sid=282041&type=offer
01-AR-DIA-PS100,ARMANI EMPORIO DIAMONDS EDP-S 100ML,3605520380310.0,1000+,80.0,35.95,,,0.0,930402.0,Dressinn.com (UK),£64.99 £649.90/L,https://www.idealo.co.uk/relocator/relocate?categoryId=3972&offerKey=edccc7680a734ad5f77d149ffc0b9964&offerListId=930402-D353148F53E847D650CE231954718475&pos=16&price=64.99&productid=930402&sid=318629&type=offer
01-AR-DIA-PS100,ARMANI EMPORIO DIAMONDS EDP-S 100ML,3605520380310.0,1000+,80.0,35.95,,,0.0,930402.0,Boots.com (UK),£68.00 £680.00/L,https://www.idealo.co.uk/relocator/relocate?categoryId=3972&offerKey=d908ce723cb03c13e67e47ad7966d61e&offerListId=930402-D353148F53E847D650CE231954718475&pos=17&price=68.00&productid=930402&sid=27286&type=offer
01-AR-DIA-PS100,ARMANI EMPORIO DIAMONDS EDP-S 100ML,3605520380310.0,1000+,80.0,35.95,,,0.0,930402.0,beautybase.com(UK),£70.00 £700.00/L,https://www.idealo.co.uk/relocator/relocate?categoryId=3972&offerKey=9ac58bfd9852a6b2bd564933ba7bbb69&offerListId=930402-D353148F53E847D650CE231954718475&pos=18&price=70.00&productid=930402&sid=299115&type=offer
01-AR-DIA-PS100,ARMANI EMPORIO DIAMONDS EDP-S 100ML,3605520380310.0,1000+,80.0,35.95,,,0.0,930402.0,JDwilliams.co.uk,£73.00 £730.00/L,https://www.idealo.co.uk/relocator/relocate?categoryId=3972&offerKey=e174f4d6717edbc1ff5de83ef71e1c58&offerListId=930402-D353148F53E847D650CE231954718475&pos=19&price=73.00&productid=930402&sid=273150&type=offer
01-AR-DIA-PS100,ARMANI EMPORIO DIAMONDS EDP-S 100ML,3605520380310.0,1000+,80.0,35.95,,,0.0,930402.0,Jacamo.co.uk,£73.00 £730.00/L,https://www.idealo.co.uk/relocator/relocate?categoryId=3972&offerKey=54ce9aefe480f4676973656b4e9d73e8&offerListId=930402-D353148F53E847D650CE231954718475&pos=20&price=73.00&productid=930402&sid=221109&type=offer
01-AR-DIAR-TS50,ARMANI EMPORIO DIAMONDS ROSE EDT-S 50ML,3605521819987.0,464,47.0,23.95,,,0.0,3911744.0,onbuy.com,£33.50 £670.00/L,https://www.idealo.co.uk/relocator/relocate?categoryId=3972&offerKey=c9c71bb5a618a723f65156da06ca5cd4&offerListId=3911744-788D5375AEF71B4E06C64DCE5CD3CB6C&pos=1&price=33.50&productid=3911744&sid=316895&type=offer
01-AR-DIAR-TS50,ARMANI EMPORIO DIAMONDS ROSE EDT-S 50ML,3605521819987.0,464,47.0,23.95,,,0.0,3911744.0,perfumeuk.co.uk,£34.00 £680.00/L,https://www.idealo.co.uk/relocator/relocate?categoryId=3972&offerKey=eb7911d4deecda4a17edc4adbd21eaa5&offerListId=3911744-788D5375AEF71B4E06C64DCE5CD3CB6C&pos=2&price=34.00&productid=3911744&sid=323991&type=offer
01-AR-DIAR-TS50,ARMANI EMPORIO DIAMONDS ROSE EDT-S 50ML,3605521819987.0,464,47.0,23.95,,,0.0,3911744.0,scentubeauty.co.uk,£34.00 £680.00/L,https://www.idealo.co.uk/relocator/relocate?categoryId=3972&offerKey=097b05736e751f06c1a46e5258e8850c&offerListId=3911744-788D5375AEF71B4E06C64DCE5CD3CB6C&pos=3&price=34.00&productid=3911744&sid=333156&type=offer
01-AR-DIAR-TS50,ARMANI EMPORIO DIAMONDS ROSE EDT-S 50ML,3605521819987.0,464,47.0,23.95,,,0.0,3911744.0,ebay.co.uk,£35.00 £700.00/L,https://www.idealo.co.uk/relocator/relocate?categoryId=3972&offerKey=2e182501a1c10c774312539cc7906ecc&offerListId=3911744-788D5375AEF71B4E06C64DCE5CD3CB6C&pos=4&price=35.00&productid=3911744&sid=22818&type=offer
01-AR-DIAR-TS50,ARMANI EMPORIO DIAMONDS ROSE EDT-S 50ML,3605521819987.0,464,47.0,23.95,,,0.0,3911744.0,Fragrancedirect.co.uk,£35.95 £719.00/L,https://www.idealo.co.uk/relocator/relocate?categoryId=3972&offerKey=d0108d1b8e1629ea75086c2d6f5b375d&offerListId=3911744-788D5375AEF71B4E06C64DCE5CD3CB6C&pos=5&price=35.95&productid=3911744&sid=21971&type=offer
01-AR-DIAR-TS50,ARMANI EMPORIO DIAMONDS ROSE EDT-S 50ML,3605521819987.0,464,47.0,23.95,,,0.0,3911744.0,allbeauty.com(UK),£36.95 £739.00/L,https://www.idealo.co.uk/relocator/relocate?categoryId=3972&offerKey=fc35682e1d7cd0cc50b35f1e509ebc81&offerListId=3911744-788D5375AEF71B4E06C64DCE5CD3CB6C&pos=6&price=36.95&productid=3911744&sid=28942&type=offer
01-AR-DIAR-TS50,ARMANI EMPORIO DIAMONDS ROSE EDT-S 50ML,3605521819987.0,464,47.0,23.95,,,0.0,3911744.0,Perfumeclick.co.uk,£38.10 £762.00/L,https://www.idealo.co.uk/relocator/relocate?categoryId=3972&offerKey=d8eee148549aabfe28a71dd58dc648f8&offerListId=3911744-788D5375AEF71B4E06C64DCE5CD3CB6C&pos=7&price=38.10&productid=3911744&sid=69736&type=offer
01-AR-DIAR-TS50,ARMANI EMPORIO DIAMONDS ROSE EDT-S 50ML,3605521819987.0,464,47.0,23.95,,,0.0,3911744.0,beautybase.com(UK),£39.00 £780.00/L,https://www.idealo.co.uk/relocator/relocate?categoryId=3972&offerKey=f42c26c08bbb401371c70ff063e193ad&offerListId=3911744-788D5375AEF71B4E06C64DCE5CD3CB6C&pos=8&price=39.00&productid=3911744&sid=299115&type=offer
01-AR-DIAR-TS50,ARMANI EMPORIO DIAMONDS ROSE EDT-S 50ML,3605521819987.0,464,47.0,23.95,,,0.0,3911744.0,Boots.com (UK),£39.95 £799.00/L,https://www.idealo.co.uk/relocator/relocate?categoryId=3972&offerKey=adff55e690cd14d4639ae7e46c7bb7d6&offerListId=3911744-788D5375AEF71B4E06C64DCE5CD3CB6C&pos=9&price=39.95&productid=3911744&sid=27286&type=offer
01-AR-DIAR-TS50,ARMANI EMPORIO DIAMONDS ROSE EDT-S 50ML,3605521819987.0,464,47.0,23.95,,,0.0,3911744.0,cosmetify.com,£40.01 £800.20/L,https://www.idealo.co.uk/relocator/relocate?categoryId=3972&offerKey=3bf520d64e76f85ea64b9d4a4cccb8e2&offerListId=3911744-788D5375AEF71B4E06C64DCE5CD3CB6C&pos=10&price=40.01&productid=3911744&sid=329503&type=offer
01-AR-DIAR-TS50,ARMANI EMPORIO DIAMONDS ROSE EDT-S 50ML,3605521819987.0,464,47.0,23.95,,,0.0,3911744.0,Amazon-marketplace.co.uk,£43.97 £879.40/L,https://www.idealo.co.uk/relocator/relocate?categoryId=3972&offerKey=2024a32fe5139eee8d3327c8c5fe5f03&offerListId=3911744-788D5375AEF71B4E06C64DCE5CD3CB6C&pos=11&price=43.97&productid=3911744&sid=22828&type=offer
01-AR-DIAR-TS50,ARMANI EMPORIO DIAMONDS ROSE EDT-S 50ML,3605521819987.0,464,47.0,23.95,,,0.0,3911744.0,secretsales.com (UK),£44.65 £893.00/L,https://www.idealo.co.uk/relocator/relocate?categoryId=3972&offerKey=e46ae76ed72176c06ccb43fc6d966b66&offerListId=3911744-788D5375AEF71B4E06C64DCE5CD3CB6C&pos=12&price=44.65&productid=3911744&sid=324015&type=offer
01-AR-DIAR-TS50,ARMANI EMPORIO DIAMONDS ROSE EDT-S 50ML,3605521819987.0,464,47.0,23.95,,,0.0,3911744.0,sephora.co.uk,£47.00 £940.00/L,https://www.idealo.co.uk/relocator/relocate?categoryId=3972&offerKey=c9604e112d88a146d3714e0b0d9efde8&offerListId=3911744-788D5375AEF71B4E06C64DCE5CD3CB6C&pos=13&price=47.00&productid=3911744&sid=27998&type=offer
01-AR-EMP-PS50,ARMANI EMPORIO SHE EDP-S 50ML,3614273070263.0,311,55.0,25.95,,,0.0,605674.0,onbuy.com,£35.90 £718.00/L,https://www.idealo.co.uk/relocator/relocate?categoryId=3972&offerKey=285dc54c7be230baa0d4df61522c379d&offerListId=605674-0AC8D6BBF570BBFB373ACADC7FC7EF9E&pos=1&price=35.90&productid=605674&sid=316895&type=offer
01-AR-EMP-PS50,ARMANI EMPORIO SHE EDP-S 50ML,3614273070263.0,311,55.0,25.95,,,0.0,605674.0,Clearchemist.co.uk,£35.93 £718.60/L,https://www.idealo.co.uk/relocator/relocate?categoryId=3972&offerKey=a025033d7d2d177c1b99451da4ec7e74&offerListId=605674-0AC8D6BBF570BBFB373ACADC7FC7EF9E&pos=2&price=35.93&productid=605674&sid=289670&type=offer
01-AR-EMP-PS50,ARMANI EMPORIO SHE EDP-S 50ML,3614273070263.0,311,55.0,25.95,,,0.0,605674.0,ebay.co.uk,£36.99 £739.80/L,https://www.idealo.co.uk/relocator/relocate?categoryId=3972&offerKey=ba67e1587b9bb1a9d652a5b635fe4d1e&offerListId=605674-0AC8D6BBF570BBFB373ACADC7FC7EF9E&pos=3&price=36.99&productid=605674&sid=22818&type=offer
01-AR-EMP-PS50,ARMANI EMPORIO SHE EDP-S 50ML,3614273070263.0,311,55.0,25.95,,,0.0,605674.0,Amazon-marketplace.co.uk,£38.96 £779.20/L,https://www.idealo.co.uk/relocator/relocate?categoryId=3972&offerKey=a6d949fa0730100e20acb032ed52aa20&offerListId=605674-0AC8D6BBF570BBFB373ACADC7FC7EF9E&pos=4&price=38.96&productid=605674&sid=22828&type=offer
01-AR-EMP-PS50,ARMANI EMPORIO SHE EDP-S 50ML,3614273070263.0,311,55.0,25.95,,,0.0,605674.0,beautybase.com(UK),£38.99 £779.80/L,https://www.idealo.co.uk/relocator/relocate?categoryId=3972&offerKey=ac697aa11250ae432d193f41e51fb50a&offerListId=605674-0AC8D6BBF570BBFB373ACADC7FC7EF9E&pos=5&price=38.99&productid=605674&sid=299115&type=offer
01-AR-EMP-PS50,ARMANI EMPORIO SHE EDP-S 50ML,3614273070263.0,311,55.0,25.95,,,0.0,605674.0,perfumeuk.co.uk,£40.00 £800.00/L,https://www.idealo.co.uk/relocator/relocate?categoryId=3972&offerKey=cc4cadf83ec4262ee8b5ab4aafb46d2b&offerListId=605674-0AC8D6BBF570BBFB373ACADC7FC7EF9E&pos=6&price=40.00&productid=605674&sid=323991&type=offer
01-AR-EMP-PS50,ARMANI EMPORIO SHE EDP-S 50ML,3614273070263.0,311,55.0,25.95,,,0.0,605674.0,scentubeauty.co.uk,£40.00 £800.00/L,https://www.idealo.co.uk/relocator/relocate?categoryId=3972&offerKey=406d5528176abd308fb608c7c525c110&offerListId=605674-0AC8D6BBF570BBFB373ACADC7FC7EF9E&pos=7&price=40.00&productid=605674&sid=333156&type=offer
01-AR-EMP-PS50,ARMANI EMPORIO SHE EDP-S 50ML,3614273070263.0,311,55.0,25.95,,,0.0,605674.0,Perfumeclick.co.uk,£42.20 £844.00/L,https://www.idealo.co.uk/relocator/relocate?categoryId=3972&offerKey=1a48cddb54e9412119e8cd031522b313&offerListId=605674-0AC8D6BBF570BBFB373ACADC7FC7EF9E&pos=8&price=42.20&productid=605674&sid=69736&type=offer
01-AR-EMP-PS50,ARMANI EMPORIO SHE EDP-S 50ML,3614273070263.0,311,55.0,25.95,,,0.0,605674.0,secretsales.com (UK),£43.07 £861.40/L,https://www.idealo.co.uk/relocator/relocate?categoryId=3972&offerKey=c56be30a0e4aa86ebb28a4e86deb8f39&offerListId=605674-0AC8D6BBF570BBFB373ACADC7FC7EF9E&pos=9&price=43.07&productid=605674&sid=324015&type=offer
01-AR-EMP-PS50,ARMANI EMPORIO SHE EDP-S 50ML,3614273070263.0,311,55.0,25.95,,,0.0,605674.0,cosmetify.com,£44.31 £886.20/L,https://www.idealo.co.uk/relocator/relocate?categoryId=3972&offerKey=f13a2b34ff6607901555daf4bc2ea20b&offerListId=605674-0AC8D6BBF570BBFB373ACADC7FC7EF9E&pos=10&price=44.31&productid=605674&sid=329503&type=offer
01-AR-EMP-PS50,ARMANI EMPORIO SHE EDP-S 50ML,3614273070263.0,311,55.0,25.95,,,0.0,605674.0,Pharmacy2u.co.uk,£45.00 £900.00/L,https://www.idealo.co.uk/relocator/relocate?categoryId=3972&offerKey=5c31d0eac0176bc13f919a98d62941ae&offerListId=605674-0AC8D6BBF570BBFB373ACADC7FC7EF9E&pos=11&price=45.00&productid=605674&sid=25468&type=offer
01-AR-EMP-PS50,ARMANI EMPORIO SHE EDP-S 50ML,3614273070263.0,311,55.0,25.95,,,0.0,605674.0,amazon.co.uk,£45.37 £907.40/L,https://www.idealo.co.uk/relocator/relocate?categoryId=3972&offerKey=a73b20c52712258e2950b0c9ee792f32&offerListId=605674-0AC8D6BBF570BBFB373ACADC7FC7EF9E&pos=12&price=45.37&productid=605674&sid=12004&type=offer
01-AR-EMP-PS50,ARMANI EMPORIO SHE EDP-S 50ML,3614273070263.0,311,55.0,25.95,,,0.0,605674.0,Expresschemist.co.uk,£46.00 £920.00/L,https://www.idealo.co.uk/relocator/relocate?categoryId=3972&offerKey=75338878efc31766199a4dba3df98073&offerListId=605674-0AC8D6BBF570BBFB373ACADC7FC7EF9E&pos=13&price=46.00&productid=605674&sid=22167&type=offer
01-AR-EMP-PS50,ARMANI EMPORIO SHE EDP-S 50ML,3614273070263.0,311,55.0,25.95,,,0.0,605674.0,perfumeprice.co.uk,£46.95 £939.00/L,https://www.idealo.co.uk/relocator/relocate?categoryId=3972&offerKey=1d6369b42e1ca940a2fe6887ab82a564&offerListId=605674-0AC8D6BBF570BBFB373ACADC7FC7EF9E&pos=14&price=46.95&productid=605674&sid=321700&type=offer
01-AR-EMP-PS50,ARMANI EMPORIO SHE EDP-S 50ML,3614273070263.0,311,55.0,25.95,,,0.0,605674.0,onbuy.com,£49.58 £991.60/L,https://www.idealo.co.uk/relocator/relocate?categoryId=3972&offerKey=0f9a7a21eddfb9d682d460003624cf6a&offerListId=605674-0AC8D6BBF570BBFB373ACADC7FC7EF9E&pos=15&price=49.58&productid=605674&sid=316895&type=offer
01-AR-MW-PS90,ARMANI MY WAY EDP-S 90ML,3614272907690.0,94,130.0,55.95,,,0.0,200510396.0,ebay.co.uk,£50.44 £560.44/L,https://www.idealo.co.uk/relocator/relocate?categoryId=3972&offerKey=fa7a92ecc5c062d0552cafed231e2418&offerListId=200510396-6CDCC0D45B97822854E576A70AD99A70&pos=1&price=50.44&productid=200510396&sid=22818&type=offer
01-AR-MW-PS90,ARMANI MY WAY EDP-S 90ML,3614272907690.0,94,130.0,55.95,,,0.0,200510396.0,onbuy.com,£60.00 £666.67/L,https://www.idealo.co.uk/relocator/relocate?categoryId=3972&offerKey=06c70a13cbd9873ba072a935641bde11&offerListId=200510396-6CDCC0D45B97822854E576A70AD99A70&pos=2&price=60.00&productid=200510396&sid=316895&type=offer
01-AR-MW-PS90,ARMANI MY WAY EDP-S 90ML,3614272907690.0,94,130.0,55.95,,,0.0,200510396.0,amazon.co.uk,£76.05 £845.00/L,https://www.idealo.co.uk/relocator/relocate?categoryId=3972&offerKey=f7813350000335e28deeb258c7168fbc&offerListId=200510396-6CDCC0D45B97822854E576A70AD99A70&pos=3&price=76.05&productid=200510396&sid=12004&type=offer
01-AR-MW-PS90,ARMANI MY WAY EDP-S 90ML,3614272907690.0,94,130.0,55.95,,,0.0,200510396.0,scentubeauty.co.uk,£77.00 £855.56/L,https://www.idealo.co.uk/relocator/relocate?categoryId=3972&offerKey=42a9992f56ee757eee73edf0e24be8bc&offerListId=200510396-6CDCC0D45B97822854E576A70AD99A70&pos=4&price=77.00&productid=200510396&sid=333156&type=offer
01-AR-MW-PS90,ARMANI MY WAY EDP-S 90ML,3614272907690.0,94,130.0,55.95,,,0.0,200510396.0,parfumdreams.co.uk,£79.43 £882.56/L,https://www.idealo.co.uk/relocator/relocate?categoryId=3972&offerKey=48c8bbc9f01d7a854d9723f8f5a78fc3&offerListId=200510396-6CDCC0D45B97822854E576A70AD99A70&pos=5&price=79.43&productid=200510396&sid=316458&type=offer
01-AR-MW-PS90,ARMANI MY WAY EDP-S 90ML,3614272907690.0,94,130.0,55.95,,,0.0,200510396.0,cosmetify.com,£81.29 £903.22/L,https://www.idealo.co.uk/relocator/relocate?categoryId=3972&offerKey=c221311b8e05b5d7eca823a828fa5e82&offerListId=200510396-6CDCC0D45B97822854E576A70AD99A70&pos=6&price=81.29&productid=200510396&sid=329503&type=offer
01-AR-MW-PS90,ARMANI MY WAY EDP-S 90ML,3614272907690.0,94,130.0,55.95,,,0.0,200510396.0,Robertdyas.co.uk,£81.99 £911.00/L,https://www.idealo.co.uk/relocator/relocate?categoryId=3972&offerKey=6eb03ca0acb0e63a2a8b9d67e02cdebe&offerListId=200510396-6CDCC0D45B97822854E576A70AD99A70&pos=7&price=81.99&productid=200510396&sid=22151&type=offer
01-AR-MW-PS90,ARMANI MY WAY EDP-S 90ML,3614272907690.0,94,130.0,55.95,,,0.0,200510396.0,groupon.co.uk,£85.99 £955.44/L,https://www.idealo.co.uk/relocator/relocate?categoryId=3972&offerKey=454cf77f034ca9227d2c2105315defa5&offerListId=200510396-6CDCC0D45B97822854E576A70AD99A70&pos=8&price=85.99&productid=200510396&sid=313205&type=offer
01-AR-MW-PS90,ARMANI MY WAY EDP-S 90ML,3614272907690.0,94,130.0,55.95,,,0.0,200510396.0,secretsales.com (UK),£86.99 £966.56/L,https://www.idealo.co.uk/relocator/relocate?categoryId=3972&offerKey=a10c81078b122fcbefb9cbdd7d9ce11d&offerListId=200510396-6CDCC0D45B97822854E576A70AD99A70&pos=9&price=86.99&productid=200510396&sid=324015&type=offer
01-AR-MW-PS90,ARMANI MY WAY EDP-S 90ML,3614272907690.0,94,130.0,55.95,,,0.0,200510396.0,perfumedirect.com,£86.99 £966.56/L,https://www.idealo.co.uk/relocator/relocate?categoryId=3972&offerKey=c67c9081c5a1649e05176d1cd4e0d6cb&offerListId=200510396-6CDCC0D45B97822854E576A70AD99A70&pos=10&price=86.99&productid=200510396&sid=318630&type=offer
01-AR-MW-PS90,ARMANI MY WAY EDP-S 90ML,3614272907690.0,94,130.0,55.95,,,0.0,200510396.0,gorgeousshop.com (UK),£88.07 £978.56/L,https://www.idealo.co.uk/relocator/relocate?categoryId=3972&offerKey=0327c6854f85e6c474ff71ecce9d5b12&offerListId=200510396-6CDCC0D45B97822854E576A70AD99A70&pos=11&price=88.07&productid=200510396&sid=28273&type=offer
01-AR-MW-PS90,ARMANI MY WAY EDP-S 90ML,3614272907690.0,94,130.0,55.95,,,0.0,200510396.0,Thefragrancecounter.com (UK),£88.95 £988.33/L,https://www.idealo.co.uk/relocator/relocate?categoryId=3972&offerKey=16c32823504e9708b0c56737ab3abe2a&offerListId=200510396-6CDCC0D45B97822854E576A70AD99A70&pos=12&price=88.95&productid=200510396&sid=299378&type=offer
01-AR-SI-PS100,ARMANI SI EDP-S 100ML,3605521816658.0,25,130.0,59.95,,,0.0,4074598.0,onbuy.com,£70.00 £700.00/L,https://www.idealo.co.uk/relocator/relocate?categoryId=3972&offerKey=ca9c7bdc25f10f31d5573049ac30962c&offerListId=4074598-8CD97E1A221219B808CB2F364081290D&pos=1&price=70.00&productid=4074598&sid=316895&type=offer
01-AR-SI-PS100,ARMANI SI EDP-S 100ML,3605521816658.0,25,130.0,59.95,,,0.0,4074598.0,ebay.co.uk,£75.00 £750.00/L,https://www.idealo.co.uk/relocator/relocate?categoryId=3972&offerKey=a9f2368bce0ac4795d7a963758f0b46d&offerListId=4074598-8CD97E1A221219B808CB2F364081290D&pos=2&price=75.00&productid=4074598&sid=22818&type=offer
01-AR-SI-PS100,ARMANI SI EDP-S 100ML,3605521816658.0,25,130.0,59.95,,,0.0,4074598.0,my-origines.com(UK),£78.77 £787.70/L,https://www.idealo.co.uk/relocator/relocate?categoryId=3972&offerKey=7e9f519324daede40056ec8419cc75f2&offerListId=4074598-8CD97E1A221219B808CB2F364081290D&pos=3&price=78.77&productid=4074598&sid=328503&type=offer
01-AR-SI-PS100,ARMANI SI EDP-S 100ML,3605521816658.0,25,130.0,59.95,,,0.0,4074598.0,perfumeprice.co.uk,£80.95 £809.50/L,https://www.idealo.co.uk/relocator/relocate?categoryId=3972&offerKey=bbe595cf50f0ed112a82eb134c94cc21&offerListId=4074598-8CD97E1A221219B808CB2F364081290D&pos=4&price=80.95&productid=4074598&sid=321700&type=offer
01-AR-SI-PS100,ARMANI SI EDP-S 100ML,3605521816658.0,25,130.0,59.95,,,0.0,4074598.0,Robertdyas.co.uk,£84.99 £849.90/L,https://www.idealo.co.uk/relocator/relocate?categoryId=3972&offerKey=37a36884c0a3a45b5af46b5fa5ef9882&offerListId=4074598-8CD97E1A221219B808CB2F364081290D&pos=5&price=84.99&productid=4074598&sid=22151&type=offer
01-AR-SI-PS100,ARMANI SI EDP-S 100ML,3605521816658.0,25,130.0,59.95,,,0.0,4074598.0,parfumdreams.co.uk,£85.98 £859.80/L,https://www.idealo.co.uk/relocator/relocate?categoryId=3972&offerKey=fb5a43acffac30e34ded0c9bcd8a87b9&offerListId=4074598-8CD97E1A221219B808CB2F364081290D&pos=6&price=85.98&productid=4074598&sid=316458&type=offer
01-AR-SI-PS100,ARMANI SI EDP-S 100ML,3605521816658.0,25,130.0,59.95,,,0.0,4074598.0,secretsales.com (UK),£88.99 £889.90/L,https://www.idealo.co.uk/relocator/relocate?categoryId=3972&offerKey=ea1945f13ad40f588a5280584ff093f0&offerListId=4074598-8CD97E1A221219B808CB2F364081290D&pos=7&price=88.99&productid=4074598&sid=324015&type=offer
01-AR-SI-PS100,ARMANI SI EDP-S 100ML,3605521816658.0,25,130.0,59.95,,,0.0,4074598.0,cosmetify.com,£88.99 £889.90/L,https://www.idealo.co.uk/relocator/relocate?categoryId=3972&offerKey=58b9f7048afbbcdef9e04470128015af&offerListId=4074598-8CD97E1A221219B808CB2F364081290D&pos=8&price=88.99&productid=4074598&sid=329503&type=offer
01-AR-SI-PS100,ARMANI SI EDP-S 100ML,3605521816658.0,25,130.0,59.95,,,0.0,4074598.0,perfumedirect.com,£88.99 £889.90/L,https://www.idealo.co.uk/relocator/relocate?categoryId=3972&offerKey=849ce00eeb199391f77e0d15534e03ed&offerListId=4074598-8CD97E1A221219B808CB2F364081290D&pos=9&price=88.99&productid=4074598&sid=318630&type=offer
01-AR-SI-PS100,ARMANI SI EDP-S 100ML,3605521816658.0,25,130.0,59.95,,,0.0,4074598.0,notino.co.uk,£90.50 £905.00/L,https://www.idealo.co.uk/relocator/relocate?categoryId=3972&offerKey=ea9be36a19a93e6cdbd7e9fe312d5b28&offerListId=4074598-8CD97E1A221219B808CB2F364081290D&pos=10&price=90.50&productid=4074598&sid=307734&type=offer
01-AR-SI-PS100,ARMANI SI EDP-S 100ML,3605521816658.0,25,130.0,59.95,,,0.0,4074598.0,Perfumeclick.co.uk,£91.75 £917.50/L,https://www.idealo.co.uk/relocator/relocate?categoryId=3972&offerKey=a196a9efe87dbda7af6bfa2ef54dfe4e&offerListId=4074598-8CD97E1A221219B808CB2F364081290D&pos=11&price=91.75&productid=4074598&sid=69736&type=offer
01-AR-SI-PS100,ARMANI SI EDP-S 100ML,3605521816658.0,25,130.0,59.95,,,0.0,4074598.0,amazon.co.uk,£97.45 £974.50/L,https://www.idealo.co.uk/relocator/relocate?categoryId=3972&offerKey=7db66d763574cb4c83314e4c83bff05a&offerListId=4074598-8CD97E1A221219B808CB2F364081290D&pos=12&price=97.45&productid=4074598&sid=12004&type=offer
01-AR-SI-PS100,ARMANI SI EDP-S 100ML,3605521816658.0,25,130.0,59.95,,,0.0,4074598.0,allbeauty.com(UK),£97.45 £974.50/L,https://www.idealo.co.uk/relocator/relocate?categoryId=3972&offerKey=d85f6d04ae7f40fc5a95c59754e9df45&offerListId=4074598-8CD97E1A221219B808CB2F364081290D&pos=13&price=97.45&productid=4074598&sid=28942&type=offer
01-AR-SI-PS100,ARMANI SI EDP-S 100ML,3605521816658.0,25,130.0,59.95,,,0.0,4074598.0,sephora.co.uk,£97.45 £974.50/L,https://www.idealo.co.uk/relocator/relocate?categoryId=3972&offerKey=11055361d909e5b708cb87e531464b4f&offerListId=4074598-8CD97E1A221219B808CB2F364081290D&pos=14&price=97.45&productid=4074598&sid=27998&type=offer
01-AR-SI-PS100,ARMANI SI EDP-S 100ML,3605521816658.0,25,130.0,59.95,,,0.0,4074598.0,Lookfantastic.com (UK),£97.50 £975.00/L,https://www.idealo.co.uk/relocator/relocate?categoryId=3972&offerKey=6fb8b31d6ce86dc926e9a7ed62b64649&offerListId=4074598-8CD97E1A221219B808CB2F364081290D&pos=15&price=97.50&productid=4074598&sid=24416&type=offer
01-AR-SI-PS100,ARMANI SI EDP-S 100ML,3605521816658.0,25,130.0,59.95,,,0.0,4074598.0,Fragrancedirect.co.uk,£99.95 £999.50/L,https://www.idealo.co.uk/relocator/relocate?categoryId=3972&offerKey=b52f74b00ada416db7b183cd17f7e7a1&offerListId=4074598-8CD97E1A221219B808CB2F364081290D&pos=16&price=99.95&productid=4074598&sid=21971&type=offer
01-AS-DR-TS50,ANNA SUI DREAMS EDT-S 50ML,85715081872.0,1000+,50.0,10.5,,,0.0,587461.0,ebay.co.uk,£19.94 £398.80/L,https://www.idealo.co.uk/relocator/relocate?categoryId=3972&offerKey=42f68be9012470c4b52fee4258f45e84&offerListId=587461-4CD9E4648E8CACF332FD4F2F4A3CC22A&pos=1&price=19.94&productid=587461&sid=22818&type=offer
01-AS-DR-TS50,ANNA SUI DREAMS EDT-S 50ML,85715081872.0,1000+,50.0,10.5,,,0.0,587461.0,allbeauty.com(UK),£19.95 £399.00/L,https://www.idealo.co.uk/relocator/relocate?categoryId=3972&offerKey=5ab4a0085aceb5f7c2c852672a5e483c&offerListId=587461-4CD9E4648E8CACF332FD4F2F4A3CC22A&pos=2&price=19.95&productid=587461&sid=28942&type=offer
01-AS-DR-TS50,ANNA SUI DREAMS EDT-S 50ML,85715081872.0,1000+,50.0,10.5,,,0.0,587461.0,onbuy.com,£19.95 £399.00/L,https://www.idealo.co.uk/relocator/relocate?categoryId=3972&offerKey=e2152dc8eb6e62d8b2c5ac01fb9e791a&offerListId=587461-4CD9E4648E8CACF332FD4F2F4A3CC22A&pos=3&price=19.95&productid=587461&sid=316895&type=offer
01-AS-DR-TS50,ANNA SUI DREAMS EDT-S 50ML,85715081872.0,1000+,50.0,10.5,,,0.0,587461.0,beautybase.com(UK),£19.99 £399.80/L,https://www.idealo.co.uk/relocator/relocate?categoryId=3972&offerKey=0cb9fb8a8710943e90f57ad4b0967540&offerListId=587461-4CD9E4648E8CACF332FD4F2F4A3CC22A&pos=4&price=19.99&productid=587461&sid=299115&type=offer
01-AS-DR-TS50,ANNA SUI DREAMS EDT-S 50ML,85715081872.0,1000+,50.0,10.5,,,0.0,587461.0,cosmetify.com,£22.99 £459.80/L,https://www.idealo.co.uk/relocator/relocate?categoryId=3972&offerKey=3b8b64b178d0d643b7cd3c0fa465caa8&offerListId=587461-4CD9E4648E8CACF332FD4F2F4A3CC22A&pos=5&price=22.99&productid=587461&sid=329503&type=offer
01-AS-DR-TS50,ANNA SUI DREAMS EDT-S 50ML,85715081872.0,1000+,50.0,10.5,,,0.0,587461.0,unineed.com,£22.99 £459.80/L,https://www.idealo.co.uk/relocator/relocate?categoryId=3972&offerKey=37c166d13ef3ed356a795e59e5a04fc2&offerListId=587461-4CD9E4648E8CACF332FD4F2F4A3CC22A&pos=6&price=22.99&productid=587461&sid=314440&type=offer
01-AS-DR-TS50,ANNA SUI DREAMS EDT-S 50ML,85715081872.0,1000+,50.0,10.5,,,0.0,587461.0,Amazon-marketplace.co.uk,£32.99 £659.80/L,https://www.idealo.co.uk/relocator/relocate?categoryId=3972&offerKey=d70e29167df28298d917a1fe01008872&offerListId=587461-4CD9E4648E8CACF332FD4F2F4A3CC22A&pos=7&price=32.99&productid=587461&sid=22828&type=offer
01-AS-DR-TS50,ANNA SUI DREAMS EDT-S 50ML,85715081872.0,1000+,50.0,10.5,,,0.0,587461.0,cazaar.co.uk,£40.85 £817.00/L,https://www.idealo.co.uk/relocator/relocate?categoryId=3972&offerKey=96d965fc12b66f345b0a2cd63e1d180f&offerListId=587461-4CD9E4648E8CACF332FD4F2F4A3CC22A&pos=8&price=40.85&productid=587461&sid=331015&type=offer
01-AS-FAN-TS75,ANNA SUI FANTASIA EDT-S 75ML,85715297204.0,894,81.0,11.95,,,0.0,5913085.0,cosmetify.com,£19.43 £259.07/L,https://www.idealo.co.uk/relocator/relocate?categoryId=3972&offerKey=23db29e15dd32dd871d3344d88fd2670&offerListId=5913085-44E8E712492C5F821B796B451A8A1329&pos=1&price=19.43&productid=5913085&sid=329503&type=offer
01-AS-FAN-TS75,ANNA SUI FANTASIA EDT-S 75ML,85715297204.0,894,81.0,11.95,,,0.0,5913085.0,Perfumeclick.co.uk,£20.15 £268.67/L,https://www.idealo.co.uk/relocator/relocate?categoryId=3972&offerKey=1dfcd10583844e48cff6ae6b59651386&offerListId=5913085-44E8E712492C5F821B796B451A8A1329&pos=2&price=20.15&productid=5913085&sid=69736&type=offer
01-AS-FAN-TS75,ANNA SUI FANTASIA EDT-S 75ML,85715297204.0,894,81.0,11.95,,,0.0,5913085.0,cosmetify.com,£21.16 £282.13/L,https://www.idealo.co.uk/relocator/relocate?categoryId=3972&offerKey=022fd6a4f05bcac1258d0f79f2f0581e&offerListId=5913085-44E8E712492C5F821B796B451A8A1329&pos=3&price=21.16&productid=5913085&sid=329503&type=offer
01-AS-FAN-TS75,ANNA SUI FANTASIA EDT-S 75ML,85715297204.0,894,81.0,11.95,,,0.0,5913085.0,ebay.co.uk,£23.79 £317.20/L,https://www.idealo.co.uk/relocator/relocate?categoryId=3972&offerKey=f11dec9a2bd218b446ba0571caf99040&offerListId=5913085-44E8E712492C5F821B796B451A8A1329&pos=4&price=23.79&productid=5913085&sid=22818&type=offer
01-AS-FAN-TS75,ANNA SUI FANTASIA EDT-S 75ML,85715297204.0,894,81.0,11.95,,,0.0,5913085.0,onbuy.com,£25.32 £337.60/L,https://www.idealo.co.uk/relocator/relocate?categoryId=3972&offerKey=e582b58523e2669d8296895c7796270d&offerListId=5913085-44E8E712492C5F821B796B451A8A1329&pos=5&price=25.32&productid=5913085&sid=316895&type=offer
01-AS-FAN-TS75,ANNA SUI FANTASIA EDT-S 75ML,85715297204.0,894,81.0,11.95,,,0.0,5913085.0,allbeauty.com(UK),£26.95 £359.33/L,https://www.idealo.co.uk/relocator/relocate?categoryId=3972&offerKey=2bd89d643a102d830befde8a4dacb430&offerListId=5913085-44E8E712492C5F821B796B451A8A1329&pos=6&price=26.95&productid=5913085&sid=28942&type=offer
01-AS-FAN-TS75,ANNA SUI FANTASIA EDT-S 75ML,85715297204.0,894,81.0,11.95,,,0.0,5913085.0,Amazon-marketplace.co.uk,£26.99 £359.87/L,https://www.idealo.co.uk/relocator/relocate?categoryId=3972&offerKey=691f33aeb91524ec578cc19c7b8547a6&offerListId=5913085-44E8E712492C5F821B796B451A8A1329&pos=7&price=26.99&productid=5913085&sid=22828&type=offer
01-AS-FAN-TS75,ANNA SUI FANTASIA EDT-S 75ML,85715297204.0,894,81.0,11.95,,,0.0,5913085.0,onbuy.com,£38.25 £510.00/L,https://www.idealo.co.uk/relocator/relocate?categoryId=3972&offerKey=58deec6b885370d39a434ab9224c9794&offerListId=5913085-44E8E712492C5F821B796B451A8A1329&pos=8&price=38.25&productid=5913085&sid=316895&type=offer
01-AS-FAN-TS75,ANNA SUI FANTASIA EDT-S 75ML,85715297204.0,894,81.0,11.95,,,0.0,5913085.0,onbuy.com,£38.25 £510.00/L,https://www.idealo.co.uk/relocator/relocate?categoryId=3972&offerKey=d890fd19f0fd9d621f31342c453396d4&offerListId=5913085-44E8E712492C5F821B796B451A8A1329&pos=9&price=38.25&productid=5913085&sid=316895&type=offer
01-AS-FAN-TS75,ANNA SUI FANTASIA EDT-S 75ML,85715297204.0,894,81.0,11.95,,,0.0,5913085.0,cosmetify.com,£19.43 £259.07/L,https://www.idealo.co.uk/relocator/relocate?categoryId=3972&offerKey=23db29e15dd32dd871d3344d88fd2670&offerListId=5913085-44E8E712492C5F821B796B451A8A1329&pos=1&price=19.43&productid=5913085&sid=329503&type=offer
01-AS-FAN-TS75,ANNA SUI FANTASIA EDT-S 75ML,85715297204.0,894,81.0,11.95,,,0.0,5913085.0,Perfumeclick.co.uk,£20.15 £268.67/L,https://www.idealo.co.uk/relocator/relocate?categoryId=3972&offerKey=1dfcd10583844e48cff6ae6b59651386&offerListId=5913085-44E8E712492C5F821B796B451A8A1329&pos=2&price=20.15&productid=5913085&sid=69736&type=offer
01-AS-FAN-TS75,ANNA SUI FANTASIA EDT-S 75ML,85715297204.0,894,81.0,11.95,,,0.0,5913085.0,cosmetify.com,£21.16 £282.13/L,https://www.idealo.co.uk/relocator/relocate?categoryId=3972&offerKey=022fd6a4f05bcac1258d0f79f2f0581e&offerListId=5913085-44E8E712492C5F821B796B451A8A1329&pos=3&price=21.16&productid=5913085&sid=329503&type=offer
01-AS-FAN-TS75,ANNA SUI FANTASIA EDT-S 75ML,85715297204.0,894,81.0,11.95,,,0.0,5913085.0,ebay.co.uk,£23.79 £317.20/L,https://www.idealo.co.uk/relocator/relocate?categoryId=3972&offerKey=f11dec9a2bd218b446ba0571caf99040&offerListId=5913085-44E8E712492C5F821B796B451A8A1329&pos=4&price=23.79&productid=5913085&sid=22818&type=offer
01-AS-FAN-TS75,ANNA SUI FANTASIA EDT-S 75ML,85715297204.0,894,81.0,11.95,,,0.0,5913085.0,onbuy.com,£25.32 £337.60/L,https://www.idealo.co.uk/relocator/relocate?categoryId=3972&offerKey=e582b58523e2669d8296895c7796270d&offerListId=5913085-44E8E712492C5F821B796B451A8A1329&pos=5&price=25.32&productid=5913085&sid=316895&type=offer
01-AS-FAN-TS75,ANNA SUI FANTASIA EDT-S 75ML,85715297204.0,894,81.0,11.95,,,0.0,5913085.0,allbeauty.com(UK),£26.95 £359.33/L,https://www.idealo.co.uk/relocator/relocate?categoryId=3972&offerKey=2bd89d643a102d830befde8a4dacb430&offerListId=5913085-44E8E712492C5F821B796B451A8A1329&pos=6&price=26.95&productid=5913085&sid=28942&type=offer
01-AS-FAN-TS75,ANNA SUI FANTASIA EDT-S 75ML,85715297204.0,894,81.0,11.95,,,0.0,5913085.0,Amazon-marketplace.co.uk,£26.99 £359.87/L,https://www.idealo.co.uk/relocator/relocate?categoryId=3972&offerKey=691f33aeb91524ec578cc19c7b8547a6&offerListId=5913085-44E8E712492C5F821B796B451A8A1329&pos=7&price=26.99&productid=5913085&sid=22828&type=offer
01-AS-FAN-TS75,ANNA SUI FANTASIA EDT-S 75ML,85715297204.0,894,81.0,11.95,,,0.0,5913085.0,onbuy.com,£38.25 £510.00/L,https://www.idealo.co.uk/relocator/relocate?categoryId=3972&offerKey=58deec6b885370d39a434ab9224c9794&offerListId=5913085-44E8E712492C5F821B796B451A8A1329&pos=8&price=38.25&productid=5913085&sid=316895&type=offer
01-AS-FAN-TS75,ANNA SUI FANTASIA EDT-S 75ML,85715297204.0,894,81.0,11.95,,,0.0,5913085.0,onbuy.com,£38.25 £510.00/L,https://www.idealo.co.uk/relocator/relocate?categoryId=3972&offerKey=d890fd19f0fd9d621f31342c453396d4&offerListId=5913085-44E8E712492C5F821B796B451A8A1329&pos=9&price=38.25&productid=5913085&sid=316895&type=offer
01-AS-FM-TS30,ANNA SUI FANTASIA MERMAID EDT-S 30ML,85715297228.0,168,42.0,7.5,,,0.0,201965287.0,Perfumeclick.co.uk,£13.60 £453.33/L,https://www.idealo.co.uk/relocator/relocate?categoryId=3972&offerKey=b26ebf7b6c72a2c3ad8a228617af561e&offerListId=201965287-BE3F9E101FFFD29C306E015506BC4B2C&pos=1&price=13.60&productid=201965287&sid=69736&type=offer
01-AS-FM-TS30,ANNA SUI FANTASIA MERMAID EDT-S 30ML,85715297228.0,168,42.0,7.5,,,0.0,201965287.0,onbuy.com,£15.95 £531.67/L,https://www.idealo.co.uk/relocator/relocate?categoryId=3972&offerKey=1835d02662bc849db8effae8d83d2c6d&offerListId=201965287-BE3F9E101FFFD29C306E015506BC4B2C&pos=2&price=15.95&productid=201965287&sid=316895&type=offer
01-AS-FM-TS30,ANNA SUI FANTASIA MERMAID EDT-S 30ML,85715297228.0,168,42.0,7.5,,,0.0,201965287.0,ebay.co.uk,£17.47 £582.33/L,https://www.idealo.co.uk/relocator/relocate?categoryId=3972&offerKey=506fbbd4a2930698b66a299aa29be1cb&offerListId=201965287-BE3F9E101FFFD29C306E015506BC4B2C&pos=3&price=17.47&productid=201965287&sid=22818&type=offer
01-AS-FM-TS75,ANNA SUI FANTASIA MERMAID EDT-S 75ML,85715297181.0,509,84.0,10.95,,,0.0,5913085.0,cosmetify.com,£19.43 £259.07/L,https://www.idealo.co.uk/relocator/relocate?categoryId=3972&offerKey=23db29e15dd32dd871d3344d88fd2670&offerListId=5913085-44E8E712492C5F821B796B451A8A1329&pos=1&price=19.43&productid=5913085&sid=329503&type=offer
01-AS-FM-TS75,ANNA SUI FANTASIA MERMAID EDT-S 75ML,85715297181.0,509,84.0,10.95,,,0.0,5913085.0,Perfumeclick.co.uk,£20.15 £268.67/L,https://www.idealo.co.uk/relocator/relocate?categoryId=3972&offerKey=1dfcd10583844e48cff6ae6b59651386&offerListId=5913085-44E8E712492C5F821B796B451A8A1329&pos=2&price=20.15&productid=5913085&sid=69736&type=offer
01-AS-FM-TS75,ANNA SUI FANTASIA MERMAID EDT-S 75ML,85715297181.0,509,84.0,10.95,,,0.0,5913085.0,cosmetify.com,£21.16 £282.13/L,https://www.idealo.co.uk/relocator/relocate?categoryId=3972&offerKey=022fd6a4f05bcac1258d0f79f2f0581e&offerListId=5913085-44E8E712492C5F821B796B451A8A1329&pos=3&price=21.16&productid=5913085&sid=329503&type=offer
01-AS-FM-TS75,ANNA SUI FANTASIA MERMAID EDT-S 75ML,85715297181.0,509,84.0,10.95,,,0.0,5913085.0,ebay.co.uk,£23.79 £317.20/L,https://www.idealo.co.uk/relocator/relocate?categoryId=3972&offerKey=f11dec9a2bd218b446ba0571caf99040&offerListId=5913085-44E8E712492C5F821B796B451A8A1329&pos=4&price=23.79&productid=5913085&sid=22818&type=offer
01-AS-FM-TS75,ANNA SUI FANTASIA MERMAID EDT-S 75ML,85715297181.0,509,84.0,10.95,,,0.0,5913085.0,onbuy.com,£25.32 £337.60/L,https://www.idealo.co.uk/relocator/relocate?categoryId=3972&offerKey=e582b58523e2669d8296895c7796270d&offerListId=5913085-44E8E712492C5F821B796B451A8A1329&pos=5&price=25.32&productid=5913085&sid=316895&type=offer
01-AS-FM-TS75,ANNA SUI FANTASIA MERMAID EDT-S 75ML,85715297181.0,509,84.0,10.95,,,0.0,5913085.0,allbeauty.com(UK),£26.95 £359.33/L,https://www.idealo.co.uk/relocator/relocate?categoryId=3972&offerKey=2bd89d643a102d830befde8a4dacb430&offerListId=5913085-44E8E712492C5F821B796B451A8A1329&pos=6&price=26.95&productid=5913085&sid=28942&type=offer
01-AS-FM-TS75,ANNA SUI FANTASIA MERMAID EDT-S 75ML,85715297181.0,509,84.0,10.95,,,0.0,5913085.0,Amazon-marketplace.co.uk,£26.99 £359.87/L,https://www.idealo.co.uk/relocator/relocate?categoryId=3972&offerKey=691f33aeb91524ec578cc19c7b8547a6&offerListId=5913085-44E8E712492C5F821B796B451A8A1329&pos=7&price=26.99&productid=5913085&sid=22828&type=offer
01-AS-FM-TS75,ANNA SUI FANTASIA MERMAID EDT-S 75ML,85715297181.0,509,84.0,10.95,,,0.0,5913085.0,onbuy.com,£38.25 £510.00/L,https://www.idealo.co.uk/relocator/relocate?categoryId=3972&offerKey=58deec6b885370d39a434ab9224c9794&offerListId=5913085-44E8E712492C5F821B796B451A8A1329&pos=8&price=38.25&productid=5913085&sid=316895&type=offer
01-AS-FM-TS75,ANNA SUI FANTASIA MERMAID EDT-S 75ML,85715297181.0,509,84.0,10.95,,,0.0,5913085.0,onbuy.com,£38.25 £510.00/L,https://www.idealo.co.uk/relocator/relocate?categoryId=3972&offerKey=d890fd19f0fd9d621f31342c453396d4&offerListId=5913085-44E8E712492C5F821B796B451A8A1329&pos=9&price=38.25&productid=5913085&sid=316895&type=offer
01-AS-FM-TS75,ANNA SUI FANTASIA MERMAID EDT-S 75ML,85715297181.0,509,84.0,10.95,,,0.0,5913085.0,cosmetify.com,£19.43 £259.07/L,https://www.idealo.co.uk/relocator/relocate?categoryId=3972&offerKey=23db29e15dd32dd871d3344d88fd2670&offerListId=5913085-44E8E712492C5F821B796B451A8A1329&pos=1&price=19.43&productid=5913085&sid=329503&type=offer
01-AS-FM-TS75,ANNA SUI FANTASIA MERMAID EDT-S 75ML,85715297181.0,509,84.0,10.95,,,0.0,5913085.0,Perfumeclick.co.uk,£20.15 £268.67/L,https://www.idealo.co.uk/relocator/relocate?categoryId=3972&offerKey=1dfcd10583844e48cff6ae6b59651386&offerListId=5913085-44E8E712492C5F821B796B451A8A1329&pos=2&price=20.15&productid=5913085&sid=69736&type=offer
01-AS-FM-TS75,ANNA SUI FANTASIA MERMAID EDT-S 75ML,85715297181.0,509,84.0,10.95,,,0.0,5913085.0,cosmetify.com,£21.16 £282.13/L,https://www.idealo.co.uk/relocator/relocate?categoryId=3972&offerKey=022fd6a4f05bcac1258d0f79f2f0581e&offerListId=5913085-44E8E712492C5F821B796B451A8A1329&pos=3&price=21.16&productid=5913085&sid=329503&type=offer
01-AS-FM-TS75,ANNA SUI FANTASIA MERMAID EDT-S 75ML,85715297181.0,509,84.0,10.95,,,0.0,5913085.0,ebay.co.uk,£23.79 £317.20/L,https://www.idealo.co.uk/relocator/relocate?categoryId=3972&offerKey=f11dec9a2bd218b446ba0571caf99040&offerListId=5913085-44E8E712492C5F821B796B451A8A1329&pos=4&price=23.79&productid=5913085&sid=22818&type=offer
01-AS-FM-TS75,ANNA SUI FANTASIA MERMAID EDT-S 75ML,85715297181.0,509,84.0,10.95,,,0.0,5913085.0,onbuy.com,£25.32 £337.60/L,https://www.idealo.co.uk/relocator/relocate?categoryId=3972&offerKey=e582b58523e2669d8296895c7796270d&offerListId=5913085-44E8E712492C5F821B796B451A8A1329&pos=5&price=25.32&productid=5913085&sid=316895&type=offer
01-AS-FM-TS75,ANNA SUI FANTASIA MERMAID EDT-S 75ML,85715297181.0,509,84.0,10.95,,,0.0,5913085.0,allbeauty.com(UK),£26.95 £359.33/L,https://www.idealo.co.uk/relocator/relocate?categoryId=3972&offerKey=2bd89d643a102d830befde8a4dacb430&offerListId=5913085-44E8E712492C5F821B796B451A8A1329&pos=6&price=26.95&productid=5913085&sid=28942&type=offer
01-AS-FM-TS75,ANNA SUI FANTASIA MERMAID EDT-S 75ML,85715297181.0,509,84.0,10.95,,,0.0,5913085.0,Amazon-marketplace.co.uk,£26.99 £359.87/L,https://www.idealo.co.uk/relocator/relocate?categoryId=3972&offerKey=691f33aeb91524ec578cc19c7b8547a6&offerListId=5913085-44E8E712492C5F821B796B451A8A1329&pos=7&price=26.99&productid=5913085&sid=22828&type=offer
01-AS-FM-TS75,ANNA SUI FANTASIA MERMAID EDT-S 75ML,85715297181.0,509,84.0,10.95,,,0.0,5913085.0,onbuy.com,£38.25 £510.00/L,https://www.idealo.co.uk/relocator/relocate?categoryId=3972&offerKey=58deec6b885370d39a434ab9224c9794&offerListId=5913085-44E8E712492C5F821B796B451A8A1329&pos=8&price=38.25&productid=5913085&sid=316895&type=offer
01-AS-FM-TS75,ANNA SUI FANTASIA MERMAID EDT-S 75ML,85715297181.0,509,84.0,10.95,,,0.0,5913085.0,onbuy.com,£38.25 £510.00/L,https://www.idealo.co.uk/relocator/relocate?categoryId=3972&offerKey=d890fd19f0fd9d621f31342c453396d4&offerListId=5913085-44E8E712492C5F821B796B451A8A1329&pos=9&price=38.25&productid=5913085&sid=316895&type=offer
01-AS-FOF-TS50,ANNA SUI FLIGHT OF FANCY EDT-S 50ML,85715082015.0,1000+,48.0,11.5,,,0.0,881689.0,cosmetify.com,£15.07 £301.40/L,https://www.idealo.co.uk/relocator/relocate?categoryId=3972&offerKey=3740a58550cd0c8e7e7b45aa4c9598cf&offerListId=881689-96C4791D2F536C768FD195304AE67CA8&pos=1&price=15.07&productid=881689&sid=329503&type=offer
01-AS-FOF-TS50,ANNA SUI FLIGHT OF FANCY EDT-S 50ML,85715082015.0,1000+,48.0,11.5,,,0.0,881689.0,onbuy.com,£16.95 £339.00/L,https://www.idealo.co.uk/relocator/relocate?categoryId=3972&offerKey=e27ed38c4a462e5c6c4043835e9b1df5&offerListId=881689-96C4791D2F536C768FD195304AE67CA8&pos=2&price=16.95&productid=881689&sid=316895&type=offer
01-AS-FOF-TS50,ANNA SUI FLIGHT OF FANCY EDT-S 50ML,85715082015.0,1000+,48.0,11.5,,,0.0,881689.0,ebay.co.uk,£18.95 £379.00/L,https://www.idealo.co.uk/relocator/relocate?categoryId=3972&offerKey=b42b4e02b838cc40c74b89fe764b17f2&offerListId=881689-96C4791D2F536C768FD195304AE67CA8&pos=3&price=18.95&productid=881689&sid=22818&type=offer
01-AS-FOF-TS50,ANNA SUI FLIGHT OF FANCY EDT-S 50ML,85715082015.0,1000+,48.0,11.5,,,0.0,881689.0,allbeauty.com(UK),£18.95 £379.00/L,https://www.idealo.co.uk/relocator/relocate?categoryId=3972&offerKey=677f83c8add8ce908b4a6b71b948a7fa&offerListId=881689-96C4791D2F536C768FD195304AE67CA8&pos=4&price=18.95&productid=881689&sid=28942&type=offer
01-AS-FOF-TS50,ANNA SUI FLIGHT OF FANCY EDT-S 50ML,85715082015.0,1000+,48.0,11.5,,,0.0,881689.0,Amazon-marketplace.co.uk,£20.90 £418.00/L,https://www.idealo.co.uk/relocator/relocate?categoryId=3972&offerKey=310b0f825e4e41f703f9e09cbb14731d&offerListId=881689-96C4791D2F536C768FD195304AE67CA8&pos=5&price=20.90&productid=881689&sid=22828&type=offer
01-AS-MY-TS50,ANNA SUI SUNDAE MELLOW YELLOW EDT-S 50ML,85715295385.0,835,50.0,11.95,,,0.0,204611776.0,cosmetify.com,£21.16 £423.20/L,https://www.idealo.co.uk/relocator/relocate?categoryId=3972&offerKey=b536ef5d96e52e12dc3e726d82b8eca6&offerListId=204611776-94283F6885966D99D442F3B7CE3CCDC7&pos=1&price=21.16&productid=204611776&sid=329503&type=offer
01-AS-MY-TS50,ANNA SUI SUNDAE MELLOW YELLOW EDT-S 50ML,85715295385.0,835,50.0,11.95,,,0.0,204611776.0,ebay.co.uk,£24.94 £498.80/L,https://www.idealo.co.uk/relocator/relocate?categoryId=3972&offerKey=ac85fda7cb4391aff5131f2b3b90b59b&offerListId=204611776-94283F6885966D99D442F3B7CE3CCDC7&pos=2&price=24.94&productid=204611776&sid=22818&type=offer
01-AS-MY-TS50,ANNA SUI SUNDAE MELLOW YELLOW EDT-S 50ML,85715295385.0,835,50.0,11.95,,,0.0,204611776.0,cosmetify.com,£24.99 £499.80/L,https://www.idealo.co.uk/relocator/relocate?categoryId=3972&offerKey=22fba5759edee9ce03581accb3c70aa2&offerListId=204611776-94283F6885966D99D442F3B7CE3CCDC7&pos=3&price=24.99&productid=204611776&sid=329503&type=offer
01-AS-MY-TS50,ANNA SUI SUNDAE MELLOW YELLOW EDT-S 50ML,85715295385.0,835,50.0,11.95,,,0.0,204611776.0,onbuy.com,£32.24 £644.80/L,https://www.idealo.co.uk/relocator/relocate?categoryId=3972&offerKey=6f3e8cd2af4763c323b16c713bfcdf1c&offerListId=204611776-94283F6885966D99D442F3B7CE3CCDC7&pos=4&price=32.24&productid=204611776&sid=316895&type=offer
01-AS-SKY-TS75,ANNA SUI SKY EDT-S 75ML,85715064752.0,1000+,60.0,11.95,,,0.0,202160318.0,Perfumeclick.co.uk,£20.15 £268.67/L,https://www.idealo.co.uk/relocator/relocate?categoryId=3972&offerKey=403deeb2c26855f689a8b50cc1185996&offerListId=202160318-0FB6DC3AD2EDDB57D6A3BEC1AA9B9748&pos=1&price=20.15&productid=202160318&sid=69736&type=offer
01-AS-SKY-TS75,ANNA SUI SKY EDT-S 75ML,85715064752.0,1000+,60.0,11.95,,,0.0,202160318.0,cosmetify.com,£21.16 £282.13/L,https://www.idealo.co.uk/relocator/relocate?categoryId=3972&offerKey=7033c16377b2d81c9d30ee3572948ca4&offerListId=202160318-0FB6DC3AD2EDDB57D6A3BEC1AA9B9748&pos=2&price=21.16&productid=202160318&sid=329503&type=offer
01-AS-SKY-TS75,ANNA SUI SKY EDT-S 75ML,85715064752.0,1000+,60.0,11.95,,,0.0,202160318.0,onbuy.com,£21.95 £292.67/L,https://www.idealo.co.uk/relocator/relocate?categoryId=3972&offerKey=ded09107b58490a6709941221aae1088&offerListId=202160318-0FB6DC3AD2EDDB57D6A3BEC1AA9B9748&pos=3&price=21.95&productid=202160318&sid=316895&type=offer
01-AS-SKY-TS75,ANNA SUI SKY EDT-S 75ML,85715064752.0,1000+,60.0,11.95,,,0.0,202160318.0,ebay.co.uk,£22.90 £305.33/L,https://www.idealo.co.uk/relocator/relocate?categoryId=3972&offerKey=ba6233d524b0281166f8652c348e187a&offerListId=202160318-0FB6DC3AD2EDDB57D6A3BEC1AA9B9748&pos=4&price=22.90&productid=202160318&sid=22818&type=offer
01-AS-SKY-TS75,ANNA SUI SKY EDT-S 75ML,85715064752.0,1000+,60.0,11.95,,,0.0,202160318.0,Amazon-marketplace.co.uk,£24.79 £330.53/L,https://www.idealo.co.uk/relocator/relocate?categoryId=3972&offerKey=ca4148e7996040fc758d9e10ec931a1d&offerListId=202160318-0FB6DC3AD2EDDB57D6A3BEC1AA9B9748&pos=5&price=24.79&productid=202160318&sid=22828&type=offer
01-AS-SKY-TS75,ANNA SUI SKY EDT-S 75ML,85715064752.0,1000+,60.0,11.95,,,0.0,202160318.0,secretsales.com (UK),£25.92 £345.60/L,https://www.idealo.co.uk/relocator/relocate?categoryId=3972&offerKey=501b40e75e211caed705e37a26bfd896&offerListId=202160318-0FB6DC3AD2EDDB57D6A3BEC1AA9B9748&pos=6&price=25.92&productid=202160318&sid=324015&type=offer
01-AS-SKY-TS75,ANNA SUI SKY EDT-S 75ML,85715064752.0,1000+,60.0,11.95,,,0.0,202160318.0,perfumedirect.com,£25.99 £346.53/L,https://www.idealo.co.uk/relocator/relocate?categoryId=3972&offerKey=6a5bd718437c5078de83bdf442fb913a&offerListId=202160318-0FB6DC3AD2EDDB57D6A3BEC1AA9B9748&pos=7&price=25.99&productid=202160318&sid=318630&type=offer
01-AS-SKY-TS75,ANNA SUI SKY EDT-S 75ML,85715064752.0,1000+,60.0,11.95,,,0.0,202160318.0,beautybase.com(UK),£29.00 £386.67/L,https://www.idealo.co.uk/relocator/relocate?categoryId=3972&offerKey=fbdffc2927598540280cc83600dc533f&offerListId=202160318-0FB6DC3AD2EDDB57D6A3BEC1AA9B9748&pos=8&price=29.00&productid=202160318&sid=299115&type=offer
01-AS-SKY-TS75,ANNA SUI SKY EDT-S 75ML,85715064752.0,1000+,60.0,11.95,,,0.0,202160318.0,escentual.com(UK),£30.00 £400.00/L,https://www.idealo.co.uk/relocator/relocate?categoryId=3972&offerKey=67540959cfe0f7b3d3c8a0dca924ed13&offerListId=202160318-0FB6DC3AD2EDDB57D6A3BEC1AA9B9748&pos=9&price=30.00&productid=202160318&sid=21988&type=offer
01-AS-SKY-TS75,ANNA SUI SKY EDT-S 75ML,85715064752.0,1000+,60.0,11.95,,,0.0,202160318.0,freemans.com (UK),£60.00 £800.00/L,https://www.idealo.co.uk/relocator/relocate?categoryId=3972&offerKey=c1cc8c11f9cb23d720be6ffea31ef34a&offerListId=202160318-0FB6DC3AD2EDDB57D6A3BEC1AA9B9748&pos=10&price=60.00&productid=202160318&sid=320471&type=offer
01-BE-NO2-PS100,BILLIE EILISH EILISH NO2 EDP-S 100ML,608940583753.0,105,52.0,32.95,,,0.0,202830882.0,ebay.co.uk,£32.43 £324.30/L,https://www.idealo.co.uk/relocator/relocate?categoryId=3972&offerKey=2fceb3850eebfff44042863a223cc6d1&offerListId=202830882-42C96528C2D91F93777CF6594AF8436E&pos=1&price=32.43&productid=202830882&sid=22818&type=offer
01-BE-NO2-PS100,BILLIE EILISH EILISH NO2 EDP-S 100ML,608940583753.0,105,52.0,32.95,,,0.0,202830882.0,cosmetify.com,£44.77 £447.70/L,https://www.idealo.co.uk/relocator/relocate?categoryId=3972&offerKey=177a51078f682185de82861201b7e65e&offerListId=202830882-42C96528C2D91F93777CF6594AF8436E&pos=2&price=44.77&productid=202830882&sid=329503&type=offer
01-BE-NO2-PS100,BILLIE EILISH EILISH NO2 EDP-S 100ML,608940583753.0,105,52.0,32.95,,,0.0,202830882.0,Perfumeclick.co.uk,£45.40 £454.00/L,https://www.idealo.co.uk/relocator/relocate?categoryId=3972&offerKey=ce7410bc3ec467355623490b22ea5259&offerListId=202830882-42C96528C2D91F93777CF6594AF8436E&pos=3&price=45.40&productid=202830882&sid=69736&type=offer
01-BE-NO2-PS100,BILLIE EILISH EILISH NO2 EDP-S 100ML,608940583753.0,105,52.0,32.95,,,0.0,202830882.0,studio.co.uk,£45.99 £459.90/L,https://www.idealo.co.uk/relocator/relocate?categoryId=3972&offerKey=9163c3c5deff4b120392e2491c86ab8f&offerListId=202830882-42C96528C2D91F93777CF6594AF8436E&pos=4&price=45.99&productid=202830882&sid=25953&type=offer
01-BE-NO2-PS100,BILLIE EILISH EILISH NO2 EDP-S 100ML,608940583753.0,105,52.0,32.95,,,0.0,202830882.0,flannels.com,£45.99 £459.90/L,https://www.idealo.co.uk/relocator/relocate?categoryId=3972&offerKey=db6fdffad1cd6490355c3d340687c10a&offerListId=202830882-42C96528C2D91F93777CF6594AF8436E&pos=5&price=45.99&productid=202830882&sid=329528&type=offer
01-BE-NO2-PS100,BILLIE EILISH EILISH NO2 EDP-S 100ML,608940583753.0,105,52.0,32.95,,,0.0,202830882.0,secretsales.com (UK),£46.80 £468.00/L,https://www.idealo.co.uk/relocator/relocate?categoryId=3972&offerKey=f3366399644897d6c5d8b56b654c7ded&offerListId=202830882-42C96528C2D91F93777CF6594AF8436E&pos=6&price=46.80&productid=202830882&sid=324015&type=offer
01-BE-NO2-PS100,BILLIE EILISH EILISH NO2 EDP-S 100ML,608940583753.0,105,52.0,32.95,,,0.0,202830882.0,Amazon-marketplace.co.uk,£49.94 £499.40/L,https://www.idealo.co.uk/relocator/relocate?categoryId=3972&offerKey=d9ef21567c9c89a6e7cab48baf4f5d5e&offerListId=202830882-42C96528C2D91F93777CF6594AF8436E&pos=7&price=49.94&productid=202830882&sid=22828&type=offer
01-BE-NO2-PS100,BILLIE EILISH EILISH NO2 EDP-S 100ML,608940583753.0,105,52.0,32.95,,,0.0,202830882.0,onbuy.com,£49.99 £499.90/L,https://www.idealo.co.uk/relocator/relocate?categoryId=3972&offerKey=5d2d18b61cee6837beab1de1f8b89792&offerListId=202830882-42C96528C2D91F93777CF6594AF8436E&pos=8&price=49.99&productid=202830882&sid=316895&type=offer
01-BE-NO2-PS100,BILLIE EILISH EILISH NO2 EDP-S 100ML,608940583753.0,105,52.0,32.95,,,0.0,202830882.0,freemans.com (UK),£52.00 £520.00/L,https://www.idealo.co.uk/relocator/relocate?categoryId=3972&offerKey=101c3ec594c1f17fce72faa98d7c5726&offerListId=202830882-42C96528C2D91F93777CF6594AF8436E&pos=9&price=52.00&productid=202830882&sid=320471&type=offer
01-BE-NO2-PS100,BILLIE EILISH EILISH NO2 EDP-S 100ML,608940583753.0,105,52.0,32.95,,,0.0,202830882.0,beautybase.com(UK),£52.00 £520.00/L,https://www.idealo.co.uk/relocator/relocate?categoryId=3972&offerKey=3f583185f50d36900d6ec9f843bc9ac7&offerListId=202830882-42C96528C2D91F93777CF6594AF8436E&pos=10&price=52.00&productid=202830882&sid=299115&type=offer
01-BE-NO2-PS100,BILLIE EILISH EILISH NO2 EDP-S 100ML,608940583753.0,105,52.0,32.95,,,0.0,202830882.0,beautybay.com (UK),£52.00 £520.00/L,https://www.idealo.co.uk/relocator/relocate?categoryId=3972&offerKey=4090a0a1689faa05f1ae16170ea629a8&offerListId=202830882-42C96528C2D91F93777CF6594AF8436E&pos=11&price=52.00&productid=202830882&sid=28191&type=offer
01-BE-NO2-PS100,BILLIE EILISH EILISH NO2 EDP-S 100ML,608940583753.0,105,52.0,32.95,,,0.0,202830882.0,pampa.co.uk,£60.60 £606.00/L,https://www.idealo.co.uk/relocator/relocate?categoryId=3972&offerKey=eab99dbd7be5dd84da1cedecd07a2039&offerListId=202830882-42C96528C2D91F93777CF6594AF8436E&pos=12&price=60.60&productid=202830882&sid=329455&type=offer
01-BS-BEL-PS100,BRITNEY SPEARS BELIEVE EDP-S 100ML,719346117722.0,1000+,44.0,9.5,,,0.0,966172.0,Clearchemist.co.uk,£14.06 £140.60/L,https://www.idealo.co.uk/relocator/relocate?categoryId=3972&offerKey=1cfcc372b6e07f3c232bd75da7accdb3&offerListId=966172-7C3D6D82FD0F324E9E6F4F79D1A58F42&pos=1&price=14.06&productid=966172&sid=289670&type=offer
01-BS-BEL-PS100,BRITNEY SPEARS BELIEVE EDP-S 100ML,719346117722.0,1000+,44.0,9.5,,,0.0,966172.0,,£15.92 £159.20/L,https://www.idealo.co.uk/relocator/relocate?categoryId=3972&offerKey=2b1dbbd40e4dcb989189ef9f8ee4c62c&offerListId=966172-7C3D6D82FD0F324E9E6F4F79D1A58F42&pos=2&price=15.92&productid=966172&sid=307734&type=offer
01-BS-BEL-PS100,BRITNEY SPEARS BELIEVE EDP-S 100ML,719346117722.0,1000+,44.0,9.5,,,0.0,966172.0,onbuy.com,£16.44 £164.40/L,https://www.idealo.co.uk/relocator/relocate?categoryId=3972&offerKey=1a958ca15371219f4b1064c5722c3d96&offerListId=966172-7C3D6D82FD0F324E9E6F4F79D1A58F42&pos=3&price=16.44&productid=966172&sid=316895&type=offer
01-BS-BEL-PS100,BRITNEY SPEARS BELIEVE EDP-S 100ML,719346117722.0,1000+,44.0,9.5,,,0.0,966172.0,cosmetify.com,£17.64 £176.40/L,https://www.idealo.co.uk/relocator/relocate?categoryId=3972&offerKey=a954afe7e741b55d715a87363b5a6e87&offerListId=966172-7C3D6D82FD0F324E9E6F4F79D1A58F42&pos=4&price=17.64&productid=966172&sid=329503&type=offer
01-BS-BEL-PS100,BRITNEY SPEARS BELIEVE EDP-S 100ML,719346117722.0,1000+,44.0,9.5,,,0.0,966172.0,allbeauty.com(UK),£17.95 £179.50/L,https://www.idealo.co.uk/relocator/relocate?categoryId=3972&offerKey=77e8de625f6b94dffcf5a281a9d05cc8&offerListId=966172-7C3D6D82FD0F324E9E6F4F79D1A58F42&pos=5&price=17.95&productid=966172&sid=28942&type=offer
01-BS-BEL-PS100,BRITNEY SPEARS BELIEVE EDP-S 100ML,719346117722.0,1000+,44.0,9.5,,,0.0,966172.0,bodycareonline.co.uk,£17.99 £179.90/L,https://www.idealo.co.uk/relocator/relocate?categoryId=3972&offerKey=554697ef958de4f7f36629de8040d6f2&offerListId=966172-7C3D6D82FD0F324E9E6F4F79D1A58F42&pos=6&price=17.99&productid=966172&sid=332851&type=offer
01-BS-BEL-PS100,BRITNEY SPEARS BELIEVE EDP-S 100ML,719346117722.0,1000+,44.0,9.5,,,0.0,966172.0,ebay.co.uk,£18.88 £188.80/L,https://www.idealo.co.uk/relocator/relocate?categoryId=3972&offerKey=fcda0dcb400f0ce30f5e30759bd11f02&offerListId=966172-7C3D6D82FD0F324E9E6F4F79D1A58F42&pos=7&price=18.88&productid=966172&sid=22818&type=offer
01-BS-BEL-PS100,BRITNEY SPEARS BELIEVE EDP-S 100ML,719346117722.0,1000+,44.0,9.5,,,0.0,966172.0,Directcosmetics.com(UK),£18.99 £189.90/L,https://www.idealo.co.uk/relocator/relocate?categoryId=3972&offerKey=8a27bc284bf85baaadbc8e8dbe007675&offerListId=966172-7C3D6D82FD0F324E9E6F4F79D1A58F42&pos=8&price=18.99&productid=966172&sid=24317&type=offer
01-BS-BEL-PS100,BRITNEY SPEARS BELIEVE EDP-S 100ML,719346117722.0,1000+,44.0,9.5,,,0.0,966172.0,Tjhughes.co.uk,£19.00 £190.00/L,https://www.idealo.co.uk/relocator/relocate?categoryId=3972&offerKey=b96777e7eb171a6b41473ea9656b2cd1&offerListId=966172-7C3D6D82FD0F324E9E6F4F79D1A58F42&pos=9&price=19.00&productid=966172&sid=28759&type=offer
01-BS-BEL-PS100,BRITNEY SPEARS BELIEVE EDP-S 100ML,719346117722.0,1000+,44.0,9.5,,,0.0,966172.0,Perfumeshopping.com(UK),£20.46 £204.60/L,https://www.idealo.co.uk/relocator/relocate?categoryId=3972&offerKey=f7bb3853d702e5f90707a7b654fc3829&offerListId=966172-7C3D6D82FD0F324E9E6F4F79D1A58F42&pos=10&price=20.46&productid=966172&sid=282217&type=offer
01-BS-BEL-PS100,BRITNEY SPEARS BELIEVE EDP-S 100ML,719346117722.0,1000+,44.0,9.5,,,0.0,966172.0,Amazon-marketplace.co.uk,£20.99 £209.90/L,https://www.idealo.co.uk/relocator/relocate?categoryId=3972&offerKey=250cc13b4acf904fdbd80e9af9cc6b03&offerListId=966172-7C3D6D82FD0F324E9E6F4F79D1A58F42&pos=11&price=20.99&productid=966172&sid=22828&type=offer
01-BS-BEL-PS100,BRITNEY SPEARS BELIEVE EDP-S 100ML,719346117722.0,1000+,44.0,9.5,,,0.0,966172.0,Thefragrancecounter.com (UK),£21.95 £219.50/L,https://www.idealo.co.uk/relocator/relocate?categoryId=3972&offerKey=47b7a593487e941ddb652ab003afdf9e&offerListId=966172-7C3D6D82FD0F324E9E6F4F79D1A58F42&pos=12&price=21.95&productid=966172&sid=299378&type=offer
01-BS-BEL-PS100,BRITNEY SPEARS BELIEVE EDP-S 100ML,719346117722.0,1000+,44.0,9.5,,,0.0,966172.0,secretsales.com (UK),£21.95 £219.50/L,https://www.idealo.co.uk/relocator/relocate?categoryId=3972&offerKey=ba6c51cfce3308bc2e3f061e15955327&offerListId=966172-7C3D6D82FD0F324E9E6F4F79D1A58F42&pos=13&price=21.95&productid=966172&sid=324015&type=offer
01-BS-BEL-PS100,BRITNEY SPEARS BELIEVE EDP-S 100ML,719346117722.0,1000+,44.0,9.5,,,0.0,966172.0,Fragrancedirect.co.uk,£24.95 £249.50/L,https://www.idealo.co.uk/relocator/relocate?categoryId=3972&offerKey=5e1652dac1b68893b97035fd36ec0035&offerListId=966172-7C3D6D82FD0F324E9E6F4F79D1A58F42&pos=14&price=24.95&productid=966172&sid=21971&type=offer
01-BS-BEL-PS100,BRITNEY SPEARS BELIEVE EDP-S 100ML,719346117722.0,1000+,44.0,9.5,,,0.0,966172.0,pampa.co.uk,£25.70 £257.00/L,https://www.idealo.co.uk/relocator/relocate?categoryId=3972&offerKey=02c5b69e7085ba8b37f50061d554af59&offerListId=966172-7C3D6D82FD0F324E9E6F4F79D1A58F42&pos=15&price=25.70&productid=966172&sid=329455&type=offer
01-BS-BEL-PS100,BRITNEY SPEARS BELIEVE EDP-S 100ML,719346117722.0,1000+,44.0,9.5,,,0.0,966172.0,cazaar.co.uk,£40.85 £408.50/L,https://www.idealo.co.uk/relocator/relocate?categoryId=3972&offerKey=71bb5181b06bf0f0401222a9bfb555e1&offerListId=966172-7C3D6D82FD0F324E9E6F4F79D1A58F42&pos=16&price=40.85&productid=966172&sid=331015&type=offer
01-BS-BEL-PS100,BRITNEY SPEARS BELIEVE EDP-S 100ML,719346117722.0,1000+,44.0,9.5,,,0.0,966172.0,JDwilliams.co.uk,£45.00 £450.00/L,https://www.idealo.co.uk/relocator/relocate?categoryId=3972&offerKey=52a5c685802576baa64372408e667f4d&offerListId=966172-7C3D6D82FD0F324E9E6F4F79D1A58F42&pos=17&price=45.00&productid=966172&sid=273150&type=offer
01-BS-BEL-PS30,BRITNEY SPEARS BELIEVE EDP-S 30ML,719346117708.0,1000+,30.0,5.95,,,0.0,957275.0,Amazon-marketplace.co.uk,£9.00 £300.00/L,https://www.idealo.co.uk/relocator/relocate?categoryId=3972&offerKey=471b0e3b8b85d9809552cf4d1003de83&offerListId=957275-00F6B0C278D8EC8DD14BD861948A2D32&pos=1&price=9.00&productid=957275&sid=22828&type=offer
01-BS-BEL-PS30,BRITNEY SPEARS BELIEVE EDP-S 30ML,719346117708.0,1000+,30.0,5.95,,,0.0,957275.0,Perfumeclick.co.uk,£11.45 £381.67/L,https://www.idealo.co.uk/relocator/relocate?categoryId=3972&offerKey=059d17e0c22e7b87f7b40100ae21e25d&offerListId=957275-00F6B0C278D8EC8DD14BD861948A2D32&pos=2&price=11.45&productid=957275&sid=69736&type=offer
01-BS-BEL-PS30,BRITNEY SPEARS BELIEVE EDP-S 30ML,719346117708.0,1000+,30.0,5.95,,,0.0,957275.0,onbuy.com,£11.87 £395.67/L,https://www.idealo.co.uk/relocator/relocate?categoryId=3972&offerKey=05c4a0e7b9267d47efff567cd4d4a4bd&offerListId=957275-00F6B0C278D8EC8DD14BD861948A2D32&pos=3&price=11.87&productid=957275&sid=316895&type=offer
01-BS-BEL-PS30,BRITNEY SPEARS BELIEVE EDP-S 30ML,719346117708.0,1000+,30.0,5.95,,,0.0,957275.0,Fragrancedirect.co.uk,£11.95 £398.33/L,https://www.idealo.co.uk/relocator/relocate?categoryId=3972&offerKey=c4ce7a39f441eb9e872e2b9a3dfa0779&offerListId=957275-00F6B0C278D8EC8DD14BD861948A2D32&pos=4&price=11.95&productid=957275&sid=21971&type=offer
01-BS-BEL-PS30,BRITNEY SPEARS BELIEVE EDP-S 30ML,719346117708.0,1000+,30.0,5.95,,,0.0,957275.0,cosmetify.com,£12.02 £400.67/L,https://www.idealo.co.uk/relocator/relocate?categoryId=3972&offerKey=1dba4c75b350a8ea12cc05d5f8db6087&offerListId=957275-00F6B0C278D8EC8DD14BD861948A2D32&pos=5&price=12.02&productid=957275&sid=329503&type=offer
01-BS-BEL-PS30,BRITNEY SPEARS BELIEVE EDP-S 30ML,719346117708.0,1000+,30.0,5.95,,,0.0,957275.0,Perfumeshopping.com(UK),£13.22 £440.67/L,https://www.idealo.co.uk/relocator/relocate?categoryId=3972&offerKey=a19e4834af7316d238db5c3fd3795bc8&offerListId=957275-00F6B0C278D8EC8DD14BD861948A2D32&pos=6&price=13.22&productid=957275&sid=282217&type=offer
01-BS-BEL-PS30,BRITNEY SPEARS BELIEVE EDP-S 30ML,719346117708.0,1000+,30.0,5.95,,,0.0,957275.0,ebay.co.uk,£13.88 £462.67/L,https://www.idealo.co.uk/relocator/relocate?categoryId=3972&offerKey=ecf6181c7572b6d1381b230f396668be&offerListId=957275-00F6B0C278D8EC8DD14BD861948A2D32&pos=7&price=13.88&productid=957275&sid=22818&type=offer
01-BS-BEL-PS30,BRITNEY SPEARS BELIEVE EDP-S 30ML,719346117708.0,1000+,30.0,5.95,,,0.0,957275.0,unineed.com,£15.00 £500.00/L,https://www.idealo.co.uk/relocator/relocate?categoryId=3972&offerKey=2d24e2953d6384c36b6ed3f77f366b5e&offerListId=957275-00F6B0C278D8EC8DD14BD861948A2D32&pos=8&price=15.00&productid=957275&sid=314440&type=offer
01-BS-BEL-PS30,BRITNEY SPEARS BELIEVE EDP-S 30ML,719346117708.0,1000+,30.0,5.95,,,0.0,957275.0,Luxplus.co.uk,£22.00 £733.33/L,https://www.idealo.co.uk/relocator/relocate?categoryId=3972&offerKey=5a930a7b236fd8d9df8d324c7b3522b4&offerListId=957275-00F6B0C278D8EC8DD14BD861948A2D32&pos=9&price=22.00&productid=957275&sid=322970&type=offer
01-BS-BEL-PS30,BRITNEY SPEARS BELIEVE EDP-S 30ML,719346117708.0,1000+,30.0,5.95,,,0.0,957275.0,cazaar.co.uk,£26.88 £896.00/L,https://www.idealo.co.uk/relocator/relocate?categoryId=3972&offerKey=8cd55d9e8b6e7bdb435953ec4892c5a0&offerListId=957275-00F6B0C278D8EC8DD14BD861948A2D32&pos=10&price=26.88&productid=957275&sid=331015&type=offer
01-BS-CF-PS100,BRITNEY SPEARS CIRCUS FANTASY EDP-S 100ML,719346567442.0,1000+,44.0,7.75,,,0.0,2041145.0,Perfumeclick.co.uk,£13.65 £136.50/L,https://www.idealo.co.uk/relocator/relocate?categoryId=3972&offerKey=9c16201ec7a09906d51089b6cce8aa82&offerListId=2041145-54246186A5AC4A74DD07A2110D08DCF5&pos=1&price=13.65&productid=2041145&sid=69736&type=offer
01-BS-CF-PS100,BRITNEY SPEARS CIRCUS FANTASY EDP-S 100ML,719346567442.0,1000+,44.0,7.75,,,0.0,2041145.0,cosmetify.com,£14.33 £143.30/L,https://www.idealo.co.uk/relocator/relocate?categoryId=3972&offerKey=8fb00effebf0b12a5433a51c33ea858a&offerListId=2041145-54246186A5AC4A74DD07A2110D08DCF5&pos=2&price=14.33&productid=2041145&sid=329503&type=offer
01-BS-CF-PS100,BRITNEY SPEARS CIRCUS FANTASY EDP-S 100ML,719346567442.0,1000+,44.0,7.75,,,0.0,2041145.0,Tjhughes.co.uk,£15.00 £150.00/L,https://www.idealo.co.uk/relocator/relocate?categoryId=3972&offerKey=117bbda9801f0e4d563ac4b74af4cc3d&offerListId=2041145-54246186A5AC4A74DD07A2110D08DCF5&pos=3&price=15.00&productid=2041145&sid=28759&type=offer
01-BS-CF-PS100,BRITNEY SPEARS CIRCUS FANTASY EDP-S 100ML,719346567442.0,1000+,44.0,7.75,,,0.0,2041145.0,allbeauty.com(UK),£15.95 £159.50/L,https://www.idealo.co.uk/relocator/relocate?categoryId=3972&offerKey=0485f8177d70d7cc2779da859e4c5145&offerListId=2041145-54246186A5AC4A74DD07A2110D08DCF5&pos=4&price=15.95&productid=2041145&sid=28942&type=offer
01-BS-CF-PS100,BRITNEY SPEARS CIRCUS FANTASY EDP-S 100ML,719346567442.0,1000+,44.0,7.75,,,0.0,2041145.0,onbuy.com,£15.95 £159.50/L,https://www.idealo.co.uk/relocator/relocate?categoryId=3972&offerKey=1745d7dea0e48f76aebee8b2b2ec82dd&offerListId=2041145-54246186A5AC4A74DD07A2110D08DCF5&pos=5&price=15.95&productid=2041145&sid=316895&type=offer
01-BS-CF-PS100,BRITNEY SPEARS CIRCUS FANTASY EDP-S 100ML,719346567442.0,1000+,44.0,7.75,,,0.0,2041145.0,perfumedirect.com,£15.99 £159.90/L,https://www.idealo.co.uk/relocator/relocate?categoryId=3972&offerKey=120ca1fce7d29c0b45e719149832758d&offerListId=2041145-54246186A5AC4A74DD07A2110D08DCF5&pos=6&price=15.99&productid=2041145&sid=318630&type=offer
01-BS-CF-PS100,BRITNEY SPEARS CIRCUS FANTASY EDP-S 100ML,719346567442.0,1000+,44.0,7.75,,,0.0,2041145.0,secretsales.com (UK),£16.19 £161.90/L,https://www.idealo.co.uk/relocator/relocate?categoryId=3972&offerKey=57c03ccce7d6a5f6c01661a2a7361a85&offerListId=2041145-54246186A5AC4A74DD07A2110D08DCF5&pos=7&price=16.19&productid=2041145&sid=324015&type=offer
01-BS-CF-PS100,BRITNEY SPEARS CIRCUS FANTASY EDP-S 100ML,719346567442.0,1000+,44.0,7.75,,,0.0,2041145.0,ebay.co.uk,£16.42 £164.20/L,https://www.idealo.co.uk/relocator/relocate?categoryId=3972&offerKey=ad8c627c3b82934afbeb3e749289e6f0&offerListId=2041145-54246186A5AC4A74DD07A2110D08DCF5&pos=8&price=16.42&productid=2041145&sid=22818&type=offer
01-BS-CF-PS100,BRITNEY SPEARS CIRCUS FANTASY EDP-S 100ML,719346567442.0,1000+,44.0,7.75,,,0.0,2041145.0,Amazon-marketplace.co.uk,£17.47 £174.70/L,https://www.idealo.co.uk/relocator/relocate?categoryId=3972&offerKey=c74c8a9141f6bdaf72bcea1deb80eb20&offerListId=2041145-54246186A5AC4A74DD07A2110D08DCF5&pos=9&price=17.47&productid=2041145&sid=22828&type=offer
01-BS-CF-PS100,BRITNEY SPEARS CIRCUS FANTASY EDP-S 100ML,719346567442.0,1000+,44.0,7.75,,,0.0,2041145.0,,£18.72 £187.20/L,https://www.idealo.co.uk/relocator/relocate?categoryId=3972&offerKey=cfdea161f0bcd7850bb175aa5e51be8c&offerListId=2041145-54246186A5AC4A74DD07A2110D08DCF5&pos=10&price=18.72&productid=2041145&sid=307734&type=offer
01-BS-CF-PS100,BRITNEY SPEARS CIRCUS FANTASY EDP-S 100ML,719346567442.0,1000+,44.0,7.75,,,0.0,2041145.0,Directcosmetics.com(UK),£19.99 £199.90/L,https://www.idealo.co.uk/relocator/relocate?categoryId=3972&offerKey=6be2cd69e14d111b635cacc58e7cfffb&offerListId=2041145-54246186A5AC4A74DD07A2110D08DCF5&pos=11&price=19.99&productid=2041145&sid=24317&type=offer
01-BS-CF-PS100,BRITNEY SPEARS CIRCUS FANTASY EDP-S 100ML,719346567442.0,1000+,44.0,7.75,,,0.0,2041145.0,Clearchemist.co.uk,£21.94 £219.40/L,https://www.idealo.co.uk/relocator/relocate?categoryId=3972&offerKey=45991aa12ce4a81248035a21ad3fa12a&offerListId=2041145-54246186A5AC4A74DD07A2110D08DCF5&pos=12&price=21.94&productid=2041145&sid=289670&type=offer
01-BS-CF-PS100,BRITNEY SPEARS CIRCUS FANTASY EDP-S 100ML,719346567442.0,1000+,44.0,7.75,,,0.0,2041145.0,unineed.com,£27.99 £279.90/L,https://www.idealo.co.uk/relocator/relocate?categoryId=3972&offerKey=5f85450c11200025eaa97e922a4c9f3b&offerListId=2041145-54246186A5AC4A74DD07A2110D08DCF5&pos=13&price=27.99&productid=2041145&sid=314440&type=offer
01-BS-CF-PS100,BRITNEY SPEARS CIRCUS FANTASY EDP-S 100ML,719346567442.0,1000+,44.0,7.75,,,0.0,2041145.0,studio.co.uk,£29.99 £299.90/L,https://www.idealo.co.uk/relocator/relocate?categoryId=3972&offerKey=f81ad75cf7958f3aefc61dd271355c20&offerListId=2041145-54246186A5AC4A74DD07A2110D08DCF5&pos=14&price=29.99&productid=2041145&sid=25953&type=offer
01-BS-CF-PS100,BRITNEY SPEARS CIRCUS FANTASY EDP-S 100ML,719346567442.0,1000+,44.0,7.75,,,0.0,2041145.0,cazaar.co.uk,£45.15 £451.50/L,https://www.idealo.co.uk/relocator/relocate?categoryId=3972&offerKey=f38922097a4509de47ac92341bda1cc6&offerListId=2041145-54246186A5AC4A74DD07A2110D08DCF5&pos=15&price=45.15&productid=2041145&sid=331015&type=offer
01-BS-CUR-PS100,BRITNEY SPEARS CURIOUS EDP-S 100ML,719346034425.0,994,49.0,8.5,,,0.0,821947.0,Clearchemist.co.uk,£13.42 £134.20/L,https://www.idealo.co.uk/relocator/relocate?categoryId=3972&offerKey=f6783e400681e64e8f4ce56089abbca9&offerListId=821947-0F2229A4E9F903697AEBADE2C0B97726&pos=1&price=13.42&productid=821947&sid=289670&type=offer
01-BS-CUR-PS100,BRITNEY SPEARS CURIOUS EDP-S 100ML,719346034425.0,994,49.0,8.5,,,0.0,821947.0,,£13.52 £135.20/L,https://www.idealo.co.uk/relocator/relocate?categoryId=3972&offerKey=ba537ec854059e6b49e94d9e45cf3165&offerListId=821947-0F2229A4E9F903697AEBADE2C0B97726&pos=2&price=13.52&productid=821947&sid=307734&type=offer
01-BS-CUR-PS100,BRITNEY SPEARS CURIOUS EDP-S 100ML,719346034425.0,994,49.0,8.5,,,0.0,821947.0,Perfumeclick.co.uk,£14.80 £148.00/L,https://www.idealo.co.uk/relocator/relocate?categoryId=3972&offerKey=911064ad69a25c19d013264d535052ff&offerListId=821947-0F2229A4E9F903697AEBADE2C0B97726&pos=3&price=14.80&productid=821947&sid=69736&type=offer
01-BS-CUR-PS100,BRITNEY SPEARS CURIOUS EDP-S 100ML,719346034425.0,994,49.0,8.5,,,0.0,821947.0,onbuy.com,£14.97 £149.70/L,https://www.idealo.co.uk/relocator/relocate?categoryId=3972&offerKey=a13abf0a7a56880229539d710854205d&offerListId=821947-0F2229A4E9F903697AEBADE2C0B97726&pos=4&price=14.97&productid=821947&sid=316895&type=offer
01-BS-CUR-PS100,BRITNEY SPEARS CURIOUS EDP-S 100ML,719346034425.0,994,49.0,8.5,,,0.0,821947.0,cosmetify.com,£15.54 £155.40/L,https://www.idealo.co.uk/relocator/relocate?categoryId=3972&offerKey=cf2f777f1b43cce019e84f62ce12f753&offerListId=821947-0F2229A4E9F903697AEBADE2C0B97726&pos=5&price=15.54&productid=821947&sid=329503&type=offer
01-BS-CUR-PS100,BRITNEY SPEARS CURIOUS EDP-S 100ML,719346034425.0,994,49.0,8.5,,,0.0,821947.0,ebay.co.uk,£15.98 £159.80/L,https://www.idealo.co.uk/relocator/relocate?categoryId=3972&offerKey=c2832aa03ce3956256a9be34e5e2dea2&offerListId=821947-0F2229A4E9F903697AEBADE2C0B97726&pos=6&price=15.98&productid=821947&sid=22818&type=offer
01-BS-CUR-PS100,BRITNEY SPEARS CURIOUS EDP-S 100ML,719346034425.0,994,49.0,8.5,,,0.0,821947.0,bodycareonline.co.uk,£16.49 £164.90/L,https://www.idealo.co.uk/relocator/relocate?categoryId=3972&offerKey=8b96a9c6ef6e0dd65455e82162379a51&offerListId=821947-0F2229A4E9F903697AEBADE2C0B97726&pos=7&price=16.49&productid=821947&sid=332851&type=offer
01-BS-CUR-PS100,BRITNEY SPEARS CURIOUS EDP-S 100ML,719346034425.0,994,49.0,8.5,,,0.0,821947.0,Amazon-marketplace.co.uk,£17.98 £179.80/L,https://www.idealo.co.uk/relocator/relocate?categoryId=3972&offerKey=2c7b4b12e6f61409c3f4ef148d8b22d2&offerListId=821947-0F2229A4E9F903697AEBADE2C0B97726&pos=8&price=17.98&productid=821947&sid=22828&type=offer
01-BS-CUR-PS100,BRITNEY SPEARS CURIOUS EDP-S 100ML,719346034425.0,994,49.0,8.5,,,0.0,821947.0,perfumedirect.com,£17.99 £179.90/L,https://www.idealo.co.uk/relocator/relocate?categoryId=3972&offerKey=f638ea68f9e0f92e97b1f7a2b9ab0837&offerListId=821947-0F2229A4E9F903697AEBADE2C0B97726&pos=9&price=17.99&productid=821947&sid=318630&type=offer
01-BS-CUR-PS100,BRITNEY SPEARS CURIOUS EDP-S 100ML,719346034425.0,994,49.0,8.5,,,0.0,821947.0,argos.co.uk,£18.00 £180.00/L,https://www.idealo.co.uk/relocator/relocate?categoryId=3972&offerKey=63e83300e92cfc21ef6b91bf6364e908&offerListId=821947-0F2229A4E9F903697AEBADE2C0B97726&pos=10&price=18.00&productid=821947&sid=320560&type=offer
01-BS-CUR-PS100,BRITNEY SPEARS CURIOUS EDP-S 100ML,719346034425.0,994,49.0,8.5,,,0.0,821947.0,secretsales.com (UK),£18.50 £185.00/L,https://www.idealo.co.uk/relocator/relocate?categoryId=3972&offerKey=33993f9e0f3023b87fa1e4ddd29bf157&offerListId=821947-0F2229A4E9F903697AEBADE2C0B97726&pos=11&price=18.50&productid=821947&sid=324015&type=offer
01-BS-CUR-PS100,BRITNEY SPEARS CURIOUS EDP-S 100ML,719346034425.0,994,49.0,8.5,,,0.0,821947.0,Perfumeshopping.com(UK),£20.53 £205.30/L,https://www.idealo.co.uk/relocator/relocate?categoryId=3972&offerKey=201f4e5209f4b5e8cd2ac16d46952dff&offerListId=821947-0F2229A4E9F903697AEBADE2C0B97726&pos=12&price=20.53&productid=821947&sid=282217&type=offer
01-BS-CUR-PS100,BRITNEY SPEARS CURIOUS EDP-S 100ML,719346034425.0,994,49.0,8.5,,,0.0,821947.0,pampa.co.uk,£21.90 £219.00/L,https://www.idealo.co.uk/relocator/relocate?categoryId=3972&offerKey=789cfdfb4b88b3651875fdd77a98f1ea&offerListId=821947-0F2229A4E9F903697AEBADE2C0B97726&pos=13&price=21.90&productid=821947&sid=329455&type=offer
01-BS-CUR-PS100,BRITNEY SPEARS CURIOUS EDP-S 100ML,719346034425.0,994,49.0,8.5,,,0.0,821947.0,cazaar.co.uk,£43.00 £430.00/L,https://www.idealo.co.uk/relocator/relocate?categoryId=3972&offerKey=6b8e2187ea9cfffa74216bc42e8e8ed5&offerListId=821947-0F2229A4E9F903697AEBADE2C0B97726&pos=14&price=43.00&productid=821947&sid=331015&type=offer
01-BS-CUR-PS100,BRITNEY SPEARS CURIOUS EDP-S 100ML,719346034425.0,994,49.0,8.5,,,0.0,821947.0,Luxplus.co.uk,£55.99 £559.90/L,https://www.idealo.co.uk/relocator/relocate?categoryId=3972&offerKey=6205fc3b69c0f6b92f3eb3891c860dec&offerListId=821947-0F2229A4E9F903697AEBADE2C0B97726&pos=15&price=55.99&productid=821947&sid=322970&type=offer
01-BS-CUR-PS30,BRITNEY SPEARS CURIOUS EDP-S 30ML,719346034401.0,1000+,27.0,5.95,,,0.0,820506.0,bodycareonline.co.uk,£8.49 £283.00/L,https://www.idealo.co.uk/relocator/relocate?categoryId=3972&offerKey=d9c5ef654c56930cdf8454284a1911c6&offerListId=820506-C6A6FE67AF7D730A21ABB342C86A3FE9&pos=1&price=8.49&productid=820506&sid=332851&type=offer
01-BS-CUR-PS30,BRITNEY SPEARS CURIOUS EDP-S 30ML,719346034401.0,1000+,27.0,5.95,,,0.0,820506.0,cosmetify.com,£9.99 £333.00/L,https://www.idealo.co.uk/relocator/relocate?categoryId=3972&offerKey=fd2b33251c95dcd35e2705b41a19947a&offerListId=820506-C6A6FE67AF7D730A21ABB342C86A3FE9&pos=2&price=9.99&productid=820506&sid=329503&type=offer
01-BS-CUR-PS30,BRITNEY SPEARS CURIOUS EDP-S 30ML,719346034401.0,1000+,27.0,5.95,,,0.0,820506.0,perfumedirect.com,£9.99 £333.00/L,https://www.idealo.co.uk/relocator/relocate?categoryId=3972&offerKey=99076d819fda2cc11f96e25d3a1fddd7&offerListId=820506-C6A6FE67AF7D730A21ABB342C86A3FE9&pos=3&price=9.99&productid=820506&sid=318630&type=offer
01-BS-CUR-PS30,BRITNEY SPEARS CURIOUS EDP-S 30ML,719346034401.0,1000+,27.0,5.95,,,0.0,820506.0,onbuy.com,£10.00 £333.33/L,https://www.idealo.co.uk/relocator/relocate?categoryId=3972&offerKey=60864caf5bc8dd95bc0c94feabc2eb4b&offerListId=820506-C6A6FE67AF7D730A21ABB342C86A3FE9&pos=4&price=10.00&productid=820506&sid=316895&type=offer
01-BS-CUR-PS30,BRITNEY SPEARS CURIOUS EDP-S 30ML,719346034401.0,1000+,27.0,5.95,,,0.0,820506.0,,£10.40 £346.67/L,https://www.idealo.co.uk/relocator/relocate?categoryId=3972&offerKey=3e7c19ce67353be4ba8f2ab3c7d51121&offerListId=820506-C6A6FE67AF7D730A21ABB342C86A3FE9&pos=5&price=10.40&productid=820506&sid=307734&type=offer
01-BS-CUR-PS30,BRITNEY SPEARS CURIOUS EDP-S 30ML,719346034401.0,1000+,27.0,5.95,,,0.0,820506.0,Perfumeclick.co.uk,£11.30 £376.67/L,https://www.idealo.co.uk/relocator/relocate?categoryId=3972&offerKey=9e3a8bdd698cf75460efee0fd4488380&offerListId=820506-C6A6FE67AF7D730A21ABB342C86A3FE9&pos=6&price=11.30&productid=820506&sid=69736&type=offer
01-BS-CUR-PS30,BRITNEY SPEARS CURIOUS EDP-S 30ML,719346034401.0,1000+,27.0,5.95,,,0.0,820506.0,allbeauty.com(UK),£11.45 £381.67/L,https://www.idealo.co.uk/relocator/relocate?categoryId=3972&offerKey=069c97ee5f82de9fba6dca3bb4cef67a&offerListId=820506-C6A6FE67AF7D730A21ABB342C86A3FE9&pos=7&price=11.45&productid=820506&sid=28942&type=offer
01-BS-CUR-PS30,BRITNEY SPEARS CURIOUS EDP-S 30ML,719346034401.0,1000+,27.0,5.95,,,0.0,820506.0,Fragrancedirect.co.uk,£11.70 £390.00/L,https://www.idealo.co.uk/relocator/relocate?categoryId=3972&offerKey=bb607537ac1a02f2de55c260f596a1ce&offerListId=820506-C6A6FE67AF7D730A21ABB342C86A3FE9&pos=8&price=11.70&productid=820506&sid=21971&type=offer
01-BS-CUR-PS30,BRITNEY SPEARS CURIOUS EDP-S 30ML,719346034401.0,1000+,27.0,5.95,,,0.0,820506.0,secretsales.com (UK),£12.95 £431.67/L,https://www.idealo.co.uk/relocator/relocate?categoryId=3972&offerKey=cc08e61afc34f8d1128c23e5887fe768&offerListId=820506-C6A6FE67AF7D730A21ABB342C86A3FE9&pos=9&price=12.95&productid=820506&sid=324015&type=offer
01-BS-CUR-PS30,BRITNEY SPEARS CURIOUS EDP-S 30ML,719346034401.0,1000+,27.0,5.95,,,0.0,820506.0,Thefragrancecounter.com (UK),£13.05 £435.00/L,https://www.idealo.co.uk/relocator/relocate?categoryId=3972&offerKey=e74d6c4819f35d99960399060ec68228&offerListId=820506-C6A6FE67AF7D730A21ABB342C86A3FE9&pos=10&price=13.05&productid=820506&sid=299378&type=offer
01-BS-CUR-PS30,BRITNEY SPEARS CURIOUS EDP-S 30ML,719346034401.0,1000+,27.0,5.95,,,0.0,820506.0,ebay.co.uk,£13.27 £442.33/L,https://www.idealo.co.uk/relocator/relocate?categoryId=3972&offerKey=a4cd3c3eee6fac2aff3401668292cd5f&offerListId=820506-C6A6FE67AF7D730A21ABB342C86A3FE9&pos=11&price=13.27&productid=820506&sid=22818&type=offer
01-BS-CUR-PS30,BRITNEY SPEARS CURIOUS EDP-S 30ML,719346034401.0,1000+,27.0,5.95,,,0.0,820506.0,pampa.co.uk,£13.90 £463.33/L,https://www.idealo.co.uk/relocator/relocate?categoryId=3972&offerKey=e6f4e91ccaa716935dcd80619b78c216&offerListId=820506-C6A6FE67AF7D730A21ABB342C86A3FE9&pos=12&price=13.90&productid=820506&sid=329455&type=offer
01-BS-CUR-PS30,BRITNEY SPEARS CURIOUS EDP-S 30ML,719346034401.0,1000+,27.0,5.95,,,0.0,820506.0,Perfumeshopping.com(UK),£13.95 £465.00/L,https://www.idealo.co.uk/relocator/relocate?categoryId=3972&offerKey=26fa9589d645716d7a6f15955bb07890&offerListId=820506-C6A6FE67AF7D730A21ABB342C86A3FE9&pos=13&price=13.95&productid=820506&sid=282217&type=offer
01-BS-CUR-PS30,BRITNEY SPEARS CURIOUS EDP-S 30ML,719346034401.0,1000+,27.0,5.95,,,0.0,820506.0,Amazon-marketplace.co.uk,£15.00 £500.00/L,https://www.idealo.co.uk/relocator/relocate?categoryId=3972&offerKey=f4c975e45cd012102adda83c6aadc0d5&offerListId=820506-C6A6FE67AF7D730A21ABB342C86A3FE9&pos=14&price=15.00&productid=820506&sid=22828&type=offer
01-BS-CUR-PS30,BRITNEY SPEARS CURIOUS EDP-S 30ML,719346034401.0,1000+,27.0,5.95,,,0.0,820506.0,cazaar.co.uk,£24.73 £824.33/L,https://www.idealo.co.uk/relocator/relocate?categoryId=3972&offerKey=aef2bcea02ac55f34279a9019adbe906&offerListId=820506-C6A6FE67AF7D730A21ABB342C86A3FE9&pos=15&price=24.73&productid=820506&sid=331015&type=offer
01-BS-CUR-PS30,BRITNEY SPEARS CURIOUS EDP-S 30ML,719346034401.0,1000+,27.0,5.95,,,0.0,820506.0,freemans.com (UK),£27.00 £900.00/L,https://www.idealo.co.uk/relocator/relocate?categoryId=3972&offerKey=7c332655d71d3c2c76545f8025a66413&offerListId=820506-C6A6FE67AF7D730A21ABB342C86A3FE9&pos=16&price=27.00&productid=820506&sid=320471&type=offer
01-BS-EF-TS100,BRITNEY SPEARS ELECTRIC FANTASY EDT-S 100ML,719346256360.0,1000+,37.0,7.95,,,0.0,202032949.0,Perfumeclick.co.uk,£13.60 £136.00/L,https://www.idealo.co.uk/relocator/relocate?categoryId=3972&offerKey=3f8f547cb66cfa6604b2071d8a78db88&offerListId=202032949-1AEBB9E63C5BFE888456ABCDD261C6BA&pos=1&price=13.60&productid=202032949&sid=69736&type=offer
01-BS-EF-TS100,BRITNEY SPEARS ELECTRIC FANTASY EDT-S 100ML,719346256360.0,1000+,37.0,7.95,,,0.0,202032949.0,perfumedirect.com,£14.99 £149.90/L,https://www.idealo.co.uk/relocator/relocate?categoryId=3972&offerKey=d99fe707804baed77088924abd67f7cb&offerListId=202032949-1AEBB9E63C5BFE888456ABCDD261C6BA&pos=2&price=14.99&productid=202032949&sid=318630&type=offer
01-BS-EF-TS100,BRITNEY SPEARS ELECTRIC FANTASY EDT-S 100ML,719346256360.0,1000+,37.0,7.95,,,0.0,202032949.0,Amazon-marketplace.co.uk,£15.93 £159.30/L,https://www.idealo.co.uk/relocator/relocate?categoryId=3972&offerKey=66d8f603c51e6c34d2db6f633d3beed9&offerListId=202032949-1AEBB9E63C5BFE888456ABCDD261C6BA&pos=3&price=15.93&productid=202032949&sid=22828&type=offer
01-BS-EF-TS100,BRITNEY SPEARS ELECTRIC FANTASY EDT-S 100ML,719346256360.0,1000+,37.0,7.95,,,0.0,202032949.0,onbuy.com,£15.95 £159.50/L,https://www.idealo.co.uk/relocator/relocate?categoryId=3972&offerKey=81d81509b8cc9cb34aa1c593b41c6683&offerListId=202032949-1AEBB9E63C5BFE888456ABCDD261C6BA&pos=4&price=15.95&productid=202032949&sid=316895&type=offer
01-BS-EF-TS100,BRITNEY SPEARS ELECTRIC FANTASY EDT-S 100ML,719346256360.0,1000+,37.0,7.95,,,0.0,202032949.0,beautybase.com(UK),£16.95 £169.50/L,https://www.idealo.co.uk/relocator/relocate?categoryId=3972&offerKey=d578994ab14b751c149cae41b2173796&offerListId=202032949-1AEBB9E63C5BFE888456ABCDD261C6BA&pos=5&price=16.95&productid=202032949&sid=299115&type=offer
01-BS-EF-TS100,BRITNEY SPEARS ELECTRIC FANTASY EDT-S 100ML,719346256360.0,1000+,37.0,7.95,,,0.0,202032949.0,ebay.co.uk,£16.98 £169.80/L,https://www.idealo.co.uk/relocator/relocate?categoryId=3972&offerKey=81b14f26843a1729ffefca4ed853041d&offerListId=202032949-1AEBB9E63C5BFE888456ABCDD261C6BA&pos=6&price=16.98&productid=202032949&sid=22818&type=offer
01-BS-EF-TS100,BRITNEY SPEARS ELECTRIC FANTASY EDT-S 100ML,719346256360.0,1000+,37.0,7.95,,,0.0,202032949.0,allbeauty.com(UK),£17.45 £174.50/L,https://www.idealo.co.uk/relocator/relocate?categoryId=3972&offerKey=7583d3e04762aa7a80c25439ce58f939&offerListId=202032949-1AEBB9E63C5BFE888456ABCDD261C6BA&pos=7&price=17.45&productid=202032949&sid=28942&type=offer
01-BS-EF-TS100,BRITNEY SPEARS ELECTRIC FANTASY EDT-S 100ML,719346256360.0,1000+,37.0,7.95,,,0.0,202032949.0,secretsales.com (UK),£19.98 £199.80/L,https://www.idealo.co.uk/relocator/relocate?categoryId=3972&offerKey=cfc7820beceaaeefbcbdbe1fd5eed7cb&offerListId=202032949-1AEBB9E63C5BFE888456ABCDD261C6BA&pos=8&price=19.98&productid=202032949&sid=324015&type=offer
01-BS-EF-TS100,BRITNEY SPEARS ELECTRIC FANTASY EDT-S 100ML,719346256360.0,1000+,37.0,7.95,,,0.0,202032949.0,,£25.04 £250.40/L,https://www.idealo.co.uk/relocator/relocate?categoryId=3972&offerKey=9cd381898e2323e74a36a52342f5f75f&offerListId=202032949-1AEBB9E63C5BFE888456ABCDD261C6BA&pos=9&price=25.04&productid=202032949&sid=307734&type=offer
01-BS-EF-TS100,BRITNEY SPEARS ELECTRIC FANTASY EDT-S 100ML,719346256360.0,1000+,37.0,7.95,,,0.0,202032949.0,Luxplus.co.uk,£29.99 £299.90/L,https://www.idealo.co.uk/relocator/relocate?categoryId=3972&offerKey=e6d05e7731ec4486a75d41feef19b382&offerListId=202032949-1AEBB9E63C5BFE888456ABCDD261C6BA&pos=10&price=29.99&productid=202032949&sid=322970&type=offer
01-BS-EF-TS100,BRITNEY SPEARS ELECTRIC FANTASY EDT-S 100ML,719346256360.0,1000+,37.0,7.95,,,0.0,202032949.0,studio.co.uk,£36.99 £369.90/L,https://www.idealo.co.uk/relocator/relocate?categoryId=3972&offerKey=facdf8d0f85a142973fb71410b6f6072&offerListId=202032949-1AEBB9E63C5BFE888456ABCDD261C6BA&pos=11&price=36.99&productid=202032949&sid=25953&type=offer
01-BS-EF-TS100,BRITNEY SPEARS ELECTRIC FANTASY EDT-S 100ML,719346256360.0,1000+,37.0,7.95,,,0.0,202032949.0,cazaar.co.uk,£39.78 £397.80/L,https://www.idealo.co.uk/relocator/relocate?categoryId=3972&offerKey=6545df2c12f69df5a29dcac10a202de9&offerListId=202032949-1AEBB9E63C5BFE888456ABCDD261C6BA&pos=12&price=39.78&productid=202032949&sid=331015&type=offer
01-BS-FAN-PS100,BRITNEY SPEARS FANTASY EDP-S 100ML,719346065405.0,1000+,49.0,10.95,,,0.0,838684.0,ebay.co.uk,£12.61 £126.10/L,https://www.idealo.co.uk/relocator/relocate?categoryId=3972&offerKey=0dfa6fe43d0328eff0fde7eb78039e34&offerListId=838684-961CD9CAD742EE4993974BF67C5084B6&pos=1&price=12.61&productid=838684&sid=22818&type=offer
01-BS-FAN-PS100,BRITNEY SPEARS FANTASY EDP-S 100ML,719346065405.0,1000+,49.0,10.95,,,0.0,838684.0,bodycareonline.co.uk,£17.99 £179.90/L,https://www.idealo.co.uk/relocator/relocate?categoryId=3972&offerKey=f23917ac214ef1833f73776335fbe134&offerListId=838684-961CD9CAD742EE4993974BF67C5084B6&pos=2&price=17.99&productid=838684&sid=332851&type=offer
01-BS-FAN-PS100,BRITNEY SPEARS FANTASY EDP-S 100ML,719346065405.0,1000+,49.0,10.95,,,0.0,838684.0,debenhams.com,£18.00 £180.00/L,https://www.idealo.co.uk/relocator/relocate?categoryId=3972&offerKey=014dd1c62c91eba9352a4d28e3fd7b9a&offerListId=838684-961CD9CAD742EE4993974BF67C5084B6&pos=3&price=18.00&productid=838684&sid=324109&type=offer
01-BS-FAN-PS100,BRITNEY SPEARS FANTASY EDP-S 100ML,719346065405.0,1000+,49.0,10.95,,,0.0,838684.0,Amazon-marketplace.co.uk,£18.80 £188.00/L,https://www.idealo.co.uk/relocator/relocate?categoryId=3972&offerKey=cd28b4a04e7c1d4942aa1113eb233d1e&offerListId=838684-961CD9CAD742EE4993974BF67C5084B6&pos=4&price=18.80&productid=838684&sid=22828&type=offer
01-BS-FAN-PS100,BRITNEY SPEARS FANTASY EDP-S 100ML,719346065405.0,1000+,49.0,10.95,,,0.0,838684.0,cosmetify.com,£18.99 £189.90/L,https://www.idealo.co.uk/relocator/relocate?categoryId=3972&offerKey=50e5246154a5a3f7780f4cefee82a944&offerListId=838684-961CD9CAD742EE4993974BF67C5084B6&pos=5&price=18.99&productid=838684&sid=329503&type=offer
01-BS-FAN-PS100,BRITNEY SPEARS FANTASY EDP-S 100ML,719346065405.0,1000+,49.0,10.95,,,0.0,838684.0,perfumedirect.com,£18.99 £189.90/L,https://www.idealo.co.uk/relocator/relocate?categoryId=3972&offerKey=f1890c0e5bf7df36b06b5e24b53ba62e&offerListId=838684-961CD9CAD742EE4993974BF67C5084B6&pos=6&price=18.99&productid=838684&sid=318630&type=offer
01-BS-FAN-PS100,BRITNEY SPEARS FANTASY EDP-S 100ML,719346065405.0,1000+,49.0,10.95,,,0.0,838684.0,onbuy.com,£19.48 £194.80/L,https://www.idealo.co.uk/relocator/relocate?categoryId=3972&offerKey=555ee2c866e8d6e482e0eb72512a5700&offerListId=838684-961CD9CAD742EE4993974BF67C5084B6&pos=7&price=19.48&productid=838684&sid=316895&type=offer
01-BS-FAN-PS100,BRITNEY SPEARS FANTASY EDP-S 100ML,719346065405.0,1000+,49.0,10.95,,,0.0,838684.0,amazon.co.uk,£19.60 £196.00/L,https://www.idealo.co.uk/relocator/relocate?categoryId=3972&offerKey=5a1c001636553df1421f122865a03a24&offerListId=838684-961CD9CAD742EE4993974BF67C5084B6&pos=8&price=19.60&productid=838684&sid=12004&type=offer
01-BS-FAN-PS100,BRITNEY SPEARS FANTASY EDP-S 100ML,719346065405.0,1000+,49.0,10.95,,,0.0,838684.0,beautybase.com(UK),£20.00 £200.00/L,https://www.idealo.co.uk/relocator/relocate?categoryId=3972&offerKey=a216a973e214b97dfc698e8660a7d178&offerListId=838684-961CD9CAD742EE4993974BF67C5084B6&pos=9&price=20.00&productid=838684&sid=299115&type=offer
01-BS-FAN-PS100,BRITNEY SPEARS FANTASY EDP-S 100ML,719346065405.0,1000+,49.0,10.95,,,0.0,838684.0,allbeauty.com(UK),£20.95 £209.50/L,https://www.idealo.co.uk/relocator/relocate?categoryId=3972&offerKey=5dc3e87c73fb5e1ee5fd9fbc0daa0a30&offerListId=838684-961CD9CAD742EE4993974BF67C5084B6&pos=10&price=20.95&productid=838684&sid=28942&type=offer
01-BS-FAN-PS100,BRITNEY SPEARS FANTASY EDP-S 100ML,719346065405.0,1000+,49.0,10.95,,,0.0,838684.0,,£21.04 £210.40/L,https://www.idealo.co.uk/relocator/relocate?categoryId=3972&offerKey=3b831a80b8a2847c08222991b2d9fe2b&offerListId=838684-961CD9CAD742EE4993974BF67C5084B6&pos=11&price=21.04&productid=838684&sid=307734&type=offer
01-BS-FAN-PS100,BRITNEY SPEARS FANTASY EDP-S 100ML,719346065405.0,1000+,49.0,10.95,,,0.0,838684.0,Dressinn.com (UK),£21.49 £214.90/L,https://www.idealo.co.uk/relocator/relocate?categoryId=3972&offerKey=18b1ae47fe73045b357184ec8e2613fb&offerListId=838684-961CD9CAD742EE4993974BF67C5084B6&pos=12&price=21.49&productid=838684&sid=318629&type=offer
01-BS-FAN-PS100,BRITNEY SPEARS FANTASY EDP-S 100ML,719346065405.0,1000+,49.0,10.95,,,0.0,838684.0,Expresschemist.co.uk,£23.00 £230.00/L,https://www.idealo.co.uk/relocator/relocate?categoryId=3972&offerKey=84781428ff9e676ccd0ce5003fd24f03&offerListId=838684-961CD9CAD742EE4993974BF67C5084B6&pos=13&price=23.00&productid=838684&sid=22167&type=offer
01-BS-FAN-PS100,BRITNEY SPEARS FANTASY EDP-S 100ML,719346065405.0,1000+,49.0,10.95,,,0.0,838684.0,secretsales.com (UK),£23.46 £234.60/L,https://www.idealo.co.uk/relocator/relocate?categoryId=3972&offerKey=2421fbf08c38bedc6f299a88c9ef531d&offerListId=838684-961CD9CAD742EE4993974BF67C5084B6&pos=14&price=23.46&productid=838684&sid=324015&type=offer
01-BS-FAN-PS100,BRITNEY SPEARS FANTASY EDP-S 100ML,719346065405.0,1000+,49.0,10.95,,,0.0,838684.0,Perfumeshopping.com(UK),£23.81 £238.10/L,https://www.idealo.co.uk/relocator/relocate?categoryId=3972&offerKey=743c89f73942b0077a4fa30558a185c3&offerListId=838684-961CD9CAD742EE4993974BF67C5084B6&pos=15&price=23.81&productid=838684&sid=282217&type=offer
01-BS-FAN-PS100,BRITNEY SPEARS FANTASY EDP-S 100ML,719346065405.0,1000+,49.0,10.95,,,0.0,838684.0,Thefragrancecounter.com (UK),£23.95 £239.50/L,https://www.idealo.co.uk/relocator/relocate?categoryId=3972&offerKey=e6ebeb8106354e08e56bbf9c6dd284f2&offerListId=838684-961CD9CAD742EE4993974BF67C5084B6&pos=16&price=23.95&productid=838684&sid=299378&type=offer
01-BS-FAN-PS100,BRITNEY SPEARS FANTASY EDP-S 100ML,719346065405.0,1000+,49.0,10.95,,,0.0,838684.0,Directcosmetics.com(UK),£24.99 £249.90/L,https://www.idealo.co.uk/relocator/relocate?categoryId=3972&offerKey=f28694d68fef6776a877e6955a68fa82&offerListId=838684-961CD9CAD742EE4993974BF67C5084B6&pos=17&price=24.99&productid=838684&sid=24317&type=offer
01-BS-FAN-PS100,BRITNEY SPEARS FANTASY EDP-S 100ML,719346065405.0,1000+,49.0,10.95,,,0.0,838684.0,argos.co.uk,£25.00 £250.00/L,https://www.idealo.co.uk/relocator/relocate?categoryId=3972&offerKey=1ad5679dfc798b01930ad73ac6459050&offerListId=838684-961CD9CAD742EE4993974BF67C5084B6&pos=18&price=25.00&productid=838684&sid=320560&type=offer
01-BS-FAN-PS100,BRITNEY SPEARS FANTASY EDP-S 100ML,719346065405.0,1000+,49.0,10.95,,,0.0,838684.0,escentual.com(UK),£25.75 £257.50/L,https://www.idealo.co.uk/relocator/relocate?categoryId=3972&offerKey=679aaae910fbf413d873e7dcf5bcddd3&offerListId=838684-961CD9CAD742EE4993974BF67C5084B6&pos=19&price=25.75&productid=838684&sid=21988&type=offer
01-BS-FAN-PS100,BRITNEY SPEARS FANTASY EDP-S 100ML,719346065405.0,1000+,49.0,10.95,,,0.0,838684.0,pampa.co.uk,£28.30 £283.00/L,https://www.idealo.co.uk/relocator/relocate?categoryId=3972&offerKey=1f8123fbc55d1864246b75e9bb62ba62&offerListId=838684-961CD9CAD742EE4993974BF67C5084B6&pos=20&price=28.30&productid=838684&sid=329455&type=offer
01-BS-FANS-TS100,BRITNEY SPEARS FANTASY SHEER EDT-S 100ML,719346256346.0,1000+,24.0,8.65,,,0.0,202712876.0,Perfumeclick.co.uk,£13.80 £138.00/L,https://www.idealo.co.uk/relocator/relocate?categoryId=3972&offerKey=8977c2828057cf8324261ab0dd35cba2&offerListId=202712876-78C18F3B8FE18EB8CF25299BA720FAB7&pos=1&price=13.80&productid=202712876&sid=69736&type=offer
01-BS-FANS-TS100,BRITNEY SPEARS FANTASY SHEER EDT-S 100ML,719346256346.0,1000+,24.0,8.65,,,0.0,202712876.0,cosmetify.com,£14.49 £144.90/L,https://www.idealo.co.uk/relocator/relocate?categoryId=3972&offerKey=6ef7966c414d6afce34859b9922d759f&offerListId=202712876-78C18F3B8FE18EB8CF25299BA720FAB7&pos=2&price=14.49&productid=202712876&sid=329503&type=offer
01-BS-FANS-TS100,BRITNEY SPEARS FANTASY SHEER EDT-S 100ML,719346256346.0,1000+,24.0,8.65,,,0.0,202712876.0,allbeauty.com(UK),£17.45 £174.50/L,https://www.idealo.co.uk/relocator/relocate?categoryId=3972&offerKey=6f3e96f67124b7e538861b16267777bb&offerListId=202712876-78C18F3B8FE18EB8CF25299BA720FAB7&pos=3&price=17.45&productid=202712876&sid=28942&type=offer
01-BS-FANS-TS100,BRITNEY SPEARS FANTASY SHEER EDT-S 100ML,719346256346.0,1000+,24.0,8.65,,,0.0,202712876.0,perfumedirect.com,£17.99 £179.90/L,https://www.idealo.co.uk/relocator/relocate?categoryId=3972&offerKey=a46280cc9837ccb22143e73c6344dd85&offerListId=202712876-78C18F3B8FE18EB8CF25299BA720FAB7&pos=4&price=17.99&productid=202712876&sid=318630&type=offer
01-BS-FANS-TS100,BRITNEY SPEARS FANTASY SHEER EDT-S 100ML,719346256346.0,1000+,24.0,8.65,,,0.0,202712876.0,onbuy.com,£18.00 £180.00/L,https://www.idealo.co.uk/relocator/relocate?categoryId=3972&offerKey=4371e198368c8eeb53701e74cb217758&offerListId=202712876-78C18F3B8FE18EB8CF25299BA720FAB7&pos=5&price=18.00&productid=202712876&sid=316895&type=offer
01-BS-FANS-TS100,BRITNEY SPEARS FANTASY SHEER EDT-S 100ML,719346256346.0,1000+,24.0,8.65,,,0.0,202712876.0,ebay.co.uk,£19.59 £195.90/L,https://www.idealo.co.uk/relocator/relocate?categoryId=3972&offerKey=10b570a64f33512c30f0be74f2b654af&offerListId=202712876-78C18F3B8FE18EB8CF25299BA720FAB7&pos=6&price=19.59&productid=202712876&sid=22818&type=offer
01-BS-FANS-TS100,BRITNEY SPEARS FANTASY SHEER EDT-S 100ML,719346256346.0,1000+,24.0,8.65,,,0.0,202712876.0,Amazon-marketplace.co.uk,£20.34 £203.40/L,https://www.idealo.co.uk/relocator/relocate?categoryId=3972&offerKey=4aee6a2e22915956323ea29bfe50977a&offerListId=202712876-78C18F3B8FE18EB8CF25299BA720FAB7&pos=7&price=20.34&productid=202712876&sid=22828&type=offer
01-BS-FANS-TS100,BRITNEY SPEARS FANTASY SHEER EDT-S 100ML,719346256346.0,1000+,24.0,8.65,,,0.0,202712876.0,notino.co.uk,£22.90 £229.00/L,https://www.idealo.co.uk/relocator/relocate?categoryId=3972&offerKey=d19b0c87e36452c9c39bdeca57cf2f56&offerListId=202712876-78C18F3B8FE18EB8CF25299BA720FAB7&pos=8&price=22.90&productid=202712876&sid=307734&type=offer
01-BS-FANS-TS100,BRITNEY SPEARS FANTASY SHEER EDT-S 100ML,719346256346.0,1000+,24.0,8.65,,,0.0,202712876.0,unineed.com,£22.99 £229.90/L,https://www.idealo.co.uk/relocator/relocate?categoryId=3972&offerKey=9d1473bd86abdce70806d8d40130d4ed&offerListId=202712876-78C18F3B8FE18EB8CF25299BA720FAB7&pos=9&price=22.99&productid=202712876&sid=314440&type=offer
01-BS-FANS-TS100,BRITNEY SPEARS FANTASY SHEER EDT-S 100ML,719346256346.0,1000+,24.0,8.65,,,0.0,202712876.0,Luxplus.co.uk,£39.99 £399.90/L,https://www.idealo.co.uk/relocator/relocate?categoryId=3972&offerKey=603c60287078b1f6abde3ef11c50f92c&offerListId=202712876-78C18F3B8FE18EB8CF25299BA720FAB7&pos=10&price=39.99&productid=202712876&sid=322970&type=offer
01-BS-FF-TS100,BRITNEY SPEARS FESTIVE FANTASY EDT-S 100ML,719346250436.0,1000+,37.0,8.95,,,0.0,201440298.0,Perfumeclick.co.uk,£15.95 £159.50/L,https://www.idealo.co.uk/relocator/relocate?categoryId=3972&offerKey=a032373bb7a59fac02e3e2e291893c63&offerListId=201440298-3B0107BC9E603B67C7D4D0F29C429C19&pos=1&price=15.95&productid=201440298&sid=69736&type=offer
01-BS-FF-TS100,BRITNEY SPEARS FESTIVE FANTASY EDT-S 100ML,719346250436.0,1000+,37.0,8.95,,,0.0,201440298.0,cosmetify.com,£16.75 £167.50/L,https://www.idealo.co.uk/relocator/relocate?categoryId=3972&offerKey=0324acf9fc3f108aa4fe578c14aeafd2&offerListId=201440298-3B0107BC9E603B67C7D4D0F29C429C19&pos=2&price=16.75&productid=201440298&sid=329503&type=offer
01-BS-FF-TS100,BRITNEY SPEARS FESTIVE FANTASY EDT-S 100ML,719346250436.0,1000+,37.0,8.95,,,0.0,201440298.0,cosmetify.com,£16.99 £169.90/L,https://www.idealo.co.uk/relocator/relocate?categoryId=3972&offerKey=b135fee5738c4a6deddc35a5f763b73a&offerListId=201440298-3B0107BC9E603B67C7D4D0F29C429C19&pos=3&price=16.99&productid=201440298&sid=329503&type=offer
01-BS-FF-TS100,BRITNEY SPEARS FESTIVE FANTASY EDT-S 100ML,719346250436.0,1000+,37.0,8.95,,,0.0,201440298.0,perfumedirect.com,£16.99 £169.90/L,https://www.idealo.co.uk/relocator/relocate?categoryId=3972&offerKey=316ff6254bb360e72425163fcc2d5ff2&offerListId=201440298-3B0107BC9E603B67C7D4D0F29C429C19&pos=4&price=16.99&productid=201440298&sid=318630&type=offer
01-BS-FF-TS100,BRITNEY SPEARS FESTIVE FANTASY EDT-S 100ML,719346250436.0,1000+,37.0,8.95,,,0.0,201440298.0,Amazon-marketplace.co.uk,£17.85 £178.50/L,https://www.idealo.co.uk/relocator/relocate?categoryId=3972&offerKey=d92ff6dc4beb5dc917b50ff321e21517&offerListId=201440298-3B0107BC9E603B67C7D4D0F29C429C19&pos=5&price=17.85&productid=201440298&sid=22828&type=offer
01-BS-FF-TS100,BRITNEY SPEARS FESTIVE FANTASY EDT-S 100ML,719346250436.0,1000+,37.0,8.95,,,0.0,201440298.0,unineed.com,£20.99 £209.90/L,https://www.idealo.co.uk/relocator/relocate?categoryId=3972&offerKey=c687966bbbdcd292cd73720a5ff792d2&offerListId=201440298-3B0107BC9E603B67C7D4D0F29C429C19&pos=6&price=20.99&productid=201440298&sid=314440&type=offer
01-BS-FF-TS100,BRITNEY SPEARS FESTIVE FANTASY EDT-S 100ML,719346250436.0,1000+,37.0,8.95,,,0.0,201440298.0,ebay.co.uk,£21.05 £210.50/L,https://www.idealo.co.uk/relocator/relocate?categoryId=3972&offerKey=19a1a4eca1d7a05fcfac871207f90e81&offerListId=201440298-3B0107BC9E603B67C7D4D0F29C429C19&pos=7&price=21.05&productid=201440298&sid=22818&type=offer
01-BS-FF-TS100,BRITNEY SPEARS FESTIVE FANTASY EDT-S 100ML,719346250436.0,1000+,37.0,8.95,,,0.0,201440298.0,onbuy.com,£22.15 £221.50/L,https://www.idealo.co.uk/relocator/relocate?categoryId=3972&offerKey=1f56eb1489d4f7bf6979bb4aa5e10179&offerListId=201440298-3B0107BC9E603B67C7D4D0F29C429C19&pos=8&price=22.15&productid=201440298&sid=316895&type=offer
01-BS-FF-TS100,BRITNEY SPEARS FESTIVE FANTASY EDT-S 100ML,719346250436.0,1000+,37.0,8.95,,,0.0,201440298.0,studio.co.uk,£36.99 £369.90/L,https://www.idealo.co.uk/relocator/relocate?categoryId=3972&offerKey=d84b4309af4799c04530f6882cb4ca7e&offerListId=201440298-3B0107BC9E603B67C7D4D0F29C429C19&pos=9&price=36.99&productid=201440298&sid=25953&type=offer
01-BS-FF-TS100,BRITNEY SPEARS FESTIVE FANTASY EDT-S 100ML,719346250436.0,1000+,37.0,8.95,,,0.0,201440298.0,cazaar.co.uk,£39.78 £397.80/L,https://www.idealo.co.uk/relocator/relocate?categoryId=3972&offerKey=d0b7e82e60e3ec28dc73a4b112b65eea&offerListId=201440298-3B0107BC9E603B67C7D4D0F29C429C19&pos=10&price=39.78&productid=201440298&sid=331015&type=offer
01-BS-FF-TS100,BRITNEY SPEARS FESTIVE FANTASY EDT-S 100ML,719346250436.0,1000+,37.0,8.95,,,0.0,201440298.0,Luxplus.co.uk,£40.99 £409.90/L,https://www.idealo.co.uk/relocator/relocate?categoryId=3972&offerKey=3b1807ae1522ae01d4a732b10cf59ddb&offerListId=201440298-3B0107BC9E603B67C7D4D0F29C429C19&pos=11&price=40.99&productid=201440298&sid=322970&type=offer
01-BS-FI-PS100,BRITNEY SPEARS FANTASY INTENSE EDP-S 100ML,719346565868.0,309,47.0,10.95,,,0.0,202004369.0,Perfumeclick.co.uk,£17.15 £171.50/L,https://www.idealo.co.uk/relocator/relocate?categoryId=3972&offerKey=3e5b4015c4860ffd3bdacd65969f7f3f&offerListId=202004369-BA4F7C73D90C485492536B7A2F7D7E04&pos=1&price=17.15&productid=202004369&sid=69736&type=offer
01-BS-FI-PS100,BRITNEY SPEARS FANTASY INTENSE EDP-S 100ML,719346565868.0,309,47.0,10.95,,,0.0,202004369.0,cosmetify.com,£17.99 £179.90/L,https://www.idealo.co.uk/relocator/relocate?categoryId=3972&offerKey=03a984cefbe78df08cd3a15a938c0e7a&offerListId=202004369-BA4F7C73D90C485492536B7A2F7D7E04&pos=2&price=17.99&productid=202004369&sid=329503&type=offer
01-BS-FI-PS100,BRITNEY SPEARS FANTASY INTENSE EDP-S 100ML,719346565868.0,309,47.0,10.95,,,0.0,202004369.0,cosmetify.com,£18.01 £180.10/L,https://www.idealo.co.uk/relocator/relocate?categoryId=3972&offerKey=a8b39905ce62044dd324fa87fdd208db&offerListId=202004369-BA4F7C73D90C485492536B7A2F7D7E04&pos=3&price=18.01&productid=202004369&sid=329503&type=offer
01-BS-FI-PS100,BRITNEY SPEARS FANTASY INTENSE EDP-S 100ML,719346565868.0,309,47.0,10.95,,,0.0,202004369.0,allbeauty.com(UK),£18.95 £189.50/L,https://www.idealo.co.uk/relocator/relocate?categoryId=3972&offerKey=7673ef0893469b3911d2e05412bb7276&offerListId=202004369-BA4F7C73D90C485492536B7A2F7D7E04&pos=4&price=18.95&productid=202004369&sid=28942&type=offer
01-BS-FI-PS100,BRITNEY SPEARS FANTASY INTENSE EDP-S 100ML,719346565868.0,309,47.0,10.95,,,0.0,202004369.0,Amazon-marketplace.co.uk,£19.95 £199.50/L,https://www.idealo.co.uk/relocator/relocate?categoryId=3972&offerKey=b591489b5225bb7d4665a4751084ff53&offerListId=202004369-BA4F7C73D90C485492536B7A2F7D7E04&pos=5&price=19.95&productid=202004369&sid=22828&type=offer
01-BS-FI-PS100,BRITNEY SPEARS FANTASY INTENSE EDP-S 100ML,719346565868.0,309,47.0,10.95,,,0.0,202004369.0,onbuy.com,£19.95 £199.50/L,https://www.idealo.co.uk/relocator/relocate?categoryId=3972&offerKey=be51069b067d20b838349557d640358d&offerListId=202004369-BA4F7C73D90C485492536B7A2F7D7E04&pos=6&price=19.95&productid=202004369&sid=316895&type=offer
01-BS-FI-PS100,BRITNEY SPEARS FANTASY INTENSE EDP-S 100ML,719346565868.0,309,47.0,10.95,,,0.0,202004369.0,ebay.co.uk,£19.96 £199.60/L,https://www.idealo.co.uk/relocator/relocate?categoryId=3972&offerKey=19208a21f4613a2c2850fdfb641f7333&offerListId=202004369-BA4F7C73D90C485492536B7A2F7D7E04&pos=7&price=19.96&productid=202004369&sid=22818&type=offer
01-BS-FI-PS100,BRITNEY SPEARS FANTASY INTENSE EDP-S 100ML,719346565868.0,309,47.0,10.95,,,0.0,202004369.0,perfumedirect.com,£20.99 £209.90/L,https://www.idealo.co.uk/relocator/relocate?categoryId=3972&offerKey=98b47755eb9d2c136500cf106a6f4f29&offerListId=202004369-BA4F7C73D90C485492536B7A2F7D7E04&pos=8&price=20.99&productid=202004369&sid=318630&type=offer
01-BS-FI-PS100,BRITNEY SPEARS FANTASY INTENSE EDP-S 100ML,719346565868.0,309,47.0,10.95,,,0.0,202004369.0,amazon.co.uk,£22.00 £220.00/L,https://www.idealo.co.uk/relocator/relocate?categoryId=3972&offerKey=cdbb2aa10a02e6405d457a15c525ec01&offerListId=202004369-BA4F7C73D90C485492536B7A2F7D7E04&pos=9&price=22.00&productid=202004369&sid=12004&type=offer
01-BS-FI-PS100,BRITNEY SPEARS FANTASY INTENSE EDP-S 100ML,719346565868.0,309,47.0,10.95,,,0.0,202004369.0,secretsales.com (UK),£24.00 £240.00/L,https://www.idealo.co.uk/relocator/relocate?categoryId=3972&offerKey=155c33cf83c3ae6f69a2de161dbc6169&offerListId=202004369-BA4F7C73D90C485492536B7A2F7D7E04&pos=10&price=24.00&productid=202004369&sid=324015&type=offer
01-BS-FI-PS100,BRITNEY SPEARS FANTASY INTENSE EDP-S 100ML,719346565868.0,309,47.0,10.95,,,0.0,202004369.0,,£24.57 £245.70/L,https://www.idealo.co.uk/relocator/relocate?categoryId=3972&offerKey=aaa2896e621bb8099584ea8c80509026&offerListId=202004369-BA4F7C73D90C485492536B7A2F7D7E04&pos=11&price=24.57&productid=202004369&sid=307734&type=offer
01-BS-FI-PS100,BRITNEY SPEARS FANTASY INTENSE EDP-S 100ML,719346565868.0,309,47.0,10.95,,,0.0,202004369.0,Robertdyas.co.uk,£24.99 £249.90/L,https://www.idealo.co.uk/relocator/relocate?categoryId=3972&offerKey=c0aafc46806cb4e75f7c99361b44ab2d&offerListId=202004369-BA4F7C73D90C485492536B7A2F7D7E04&pos=12&price=24.99&productid=202004369&sid=22151&type=offer
01-BS-FI-PS100,BRITNEY SPEARS FANTASY INTENSE EDP-S 100ML,719346565868.0,309,47.0,10.95,,,0.0,202004369.0,unineed.com,£31.99 £319.90/L,https://www.idealo.co.uk/relocator/relocate?categoryId=3972&offerKey=3469906ea79bdfc5b859799006b9c207&offerListId=202004369-BA4F7C73D90C485492536B7A2F7D7E04&pos=13&price=31.99&productid=202004369&sid=314440&type=offer
01-BS-FI-PS100,BRITNEY SPEARS FANTASY INTENSE EDP-S 100ML,719346565868.0,309,47.0,10.95,,,0.0,202004369.0,cazaar.co.uk,£32.25 £322.50/L,https://www.idealo.co.uk/relocator/relocate?categoryId=3972&offerKey=8b06ada98ffe5cf2200f059089adc3c3&offerListId=202004369-BA4F7C73D90C485492536B7A2F7D7E04&pos=14&price=32.25&productid=202004369&sid=331015&type=offer
01-BS-FI-PS100,BRITNEY SPEARS FANTASY INTENSE EDP-S 100ML,719346565868.0,309,47.0,10.95,,,0.0,202004369.0,Luxplus.co.uk,£45.99 £459.90/L,https://www.idealo.co.uk/relocator/relocate?categoryId=3972&offerKey=f275f60ac82f1f27010d0e8c5754b578&offerListId=202004369-BA4F7C73D90C485492536B7A2F7D7E04&pos=15&price=45.99&productid=202004369&sid=322970&type=offer
01-BS-IF-PS100,BRITNEY SPEARS INTIMATE FANTASY EDP-S 100ML,719346191814.0,1000+,49.0,7.95,,,0.0,4993148.0,Amazon-marketplace.co.uk,£13.99 £139.90/L,https://www.idealo.co.uk/relocator/relocate?categoryId=3972&offerKey=4c4aafc48e3e690f03cd0eb6f063a650&offerListId=4993148-9F53B52FBE5AFC1BD330F6D3B08972BF&pos=1&price=13.99&productid=4993148&sid=22828&type=offer
01-BS-IF-PS100,BRITNEY SPEARS INTIMATE FANTASY EDP-S 100ML,719346191814.0,1000+,49.0,7.95,,,0.0,4993148.0,Perfumeclick.co.uk,£14.35 £143.50/L,https://www.idealo.co.uk/relocator/relocate?categoryId=3972&offerKey=a96a8636cdbf3843493f91e60449c7d4&offerListId=4993148-9F53B52FBE5AFC1BD330F6D3B08972BF&pos=2&price=14.35&productid=4993148&sid=69736&type=offer
01-BS-IF-PS100,BRITNEY SPEARS INTIMATE FANTASY EDP-S 100ML,719346191814.0,1000+,49.0,7.95,,,0.0,4993148.0,cosmetify.com,£15.07 £150.70/L,https://www.idealo.co.uk/relocator/relocate?categoryId=3972&offerKey=8f93cac044fcac1c61335b884a9e552b&offerListId=4993148-9F53B52FBE5AFC1BD330F6D3B08972BF&pos=3&price=15.07&productid=4993148&sid=329503&type=offer
01-BS-IF-PS100,BRITNEY SPEARS INTIMATE FANTASY EDP-S 100ML,719346191814.0,1000+,49.0,7.95,,,0.0,4993148.0,allbeauty.com(UK),£15.95 £159.50/L,https://www.idealo.co.uk/relocator/relocate?categoryId=3972&offerKey=feeaa5c90927a910d42b5896501955af&offerListId=4993148-9F53B52FBE5AFC1BD330F6D3B08972BF&pos=4&price=15.95&productid=4993148&sid=28942&type=offer
01-BS-IF-PS100,BRITNEY SPEARS INTIMATE FANTASY EDP-S 100ML,719346191814.0,1000+,49.0,7.95,,,0.0,4993148.0,onbuy.com,£16.26 £162.60/L,https://www.idealo.co.uk/relocator/relocate?categoryId=3972&offerKey=9d21ba643ef02c0df9bfee0f712f1f9b&offerListId=4993148-9F53B52FBE5AFC1BD330F6D3B08972BF&pos=5&price=16.26&productid=4993148&sid=316895&type=offer
01-BS-IF-PS100,BRITNEY SPEARS INTIMATE FANTASY EDP-S 100ML,719346191814.0,1000+,49.0,7.95,,,0.0,4993148.0,,£17.28 £172.80/L,https://www.idealo.co.uk/relocator/relocate?categoryId=3972&offerKey=014bae00436145f044cbca4be24351ab&offerListId=4993148-9F53B52FBE5AFC1BD330F6D3B08972BF&pos=6&price=17.28&productid=4993148&sid=307734&type=offer
01-BS-IF-PS100,BRITNEY SPEARS INTIMATE FANTASY EDP-S 100ML,719346191814.0,1000+,49.0,7.95,,,0.0,4993148.0,perfumedirect.com,£17.99 £179.90/L,https://www.idealo.co.uk/relocator/relocate?categoryId=3972&offerKey=d096b9b33749678f65088ffef390961b&offerListId=4993148-9F53B52FBE5AFC1BD330F6D3B08972BF&pos=7&price=17.99&productid=4993148&sid=318630&type=offer
01-BS-IF-PS100,BRITNEY SPEARS INTIMATE FANTASY EDP-S 100ML,719346191814.0,1000+,49.0,7.95,,,0.0,4993148.0,ebay.co.uk,£18.04 £180.40/L,https://www.idealo.co.uk/relocator/relocate?categoryId=3972&offerKey=a5dd7c8f7d381579bf78a2e23ab9ce0c&offerListId=4993148-9F53B52FBE5AFC1BD330F6D3B08972BF&pos=8&price=18.04&productid=4993148&sid=22818&type=offer
01-BS-IF-PS100,BRITNEY SPEARS INTIMATE FANTASY EDP-S 100ML,719346191814.0,1000+,49.0,7.95,,,0.0,4993148.0,Luxplus.co.uk,£39.99 £399.90/L,https://www.idealo.co.uk/relocator/relocate?categoryId=3972&offerKey=6d5b767e40b6556dda8a07fcfe9149f0&offerListId=4993148-9F53B52FBE5AFC1BD330F6D3B08972BF&pos=9&price=39.99&productid=4993148&sid=322970&type=offer
01-BS-IF-PS100,BRITNEY SPEARS INTIMATE FANTASY EDP-S 100ML,719346191814.0,1000+,49.0,7.95,,,0.0,4993148.0,Boots.com (UK),£41.65 £416.50/L,https://www.idealo.co.uk/relocator/relocate?categoryId=3972&offerKey=29afacb929c03565b0a56a4d3f300a1d&offerListId=4993148-9F53B52FBE5AFC1BD330F6D3B08972BF&pos=10&price=41.65&productid=4993148&sid=27286&type=offer
01-BS-JF-TS100,BRITNEY SPEARS JUNGLE FANTASY EDT-S 100ML,719346262170.0,1000+,42.0,9.95,,,0.0,203070351.0,Amazon-marketplace.co.uk,£16.99 £169.90/L,https://www.idealo.co.uk/relocator/relocate?categoryId=3972&offerKey=666a9553b167eabc81669c2669a28c2b&offerListId=203070351-36B097306E3BAB3A2C10F3A5E799000C&pos=1&price=16.99&productid=203070351&sid=22828&type=offer
01-BS-JF-TS100,BRITNEY SPEARS JUNGLE FANTASY EDT-S 100ML,719346262170.0,1000+,42.0,9.95,,,0.0,203070351.0,Perfumeclick.co.uk,£17.10 £171.00/L,https://www.idealo.co.uk/relocator/relocate?categoryId=3972&offerKey=e74f93f35dd7d5b03128e680f0c1286a&offerListId=203070351-36B097306E3BAB3A2C10F3A5E799000C&pos=2&price=17.10&productid=203070351&sid=69736&type=offer
01-BS-JF-TS100,BRITNEY SPEARS JUNGLE FANTASY EDT-S 100ML,719346262170.0,1000+,42.0,9.95,,,0.0,203070351.0,Thefragrancecounter.com (UK),£17.50 £175.00/L,https://www.idealo.co.uk/relocator/relocate?categoryId=3972&offerKey=11397181794cc86786c2b3d9a898094d&offerListId=203070351-36B097306E3BAB3A2C10F3A5E799000C&pos=3&price=17.50&productid=203070351&sid=299378&type=offer
01-BS-JF-TS100,BRITNEY SPEARS JUNGLE FANTASY EDT-S 100ML,719346262170.0,1000+,42.0,9.95,,,0.0,203070351.0,amazon.co.uk,£17.95 £179.50/L,https://www.idealo.co.uk/relocator/relocate?categoryId=3972&offerKey=04a20b94391ed27d5ab1d53f6f0d8f06&offerListId=203070351-36B097306E3BAB3A2C10F3A5E799000C&pos=4&price=17.95&productid=203070351&sid=12004&type=offer
01-BS-JF-TS100,BRITNEY SPEARS JUNGLE FANTASY EDT-S 100ML,719346262170.0,1000+,42.0,9.95,,,0.0,203070351.0,allbeauty.com(UK),£17.95 £179.50/L,https://www.idealo.co.uk/relocator/relocate?categoryId=3972&offerKey=70156d7f080fd59b968094783b883772&offerListId=203070351-36B097306E3BAB3A2C10F3A5E799000C&pos=5&price=17.95&productid=203070351&sid=28942&type=offer
01-BS-JF-TS100,BRITNEY SPEARS JUNGLE FANTASY EDT-S 100ML,719346262170.0,1000+,42.0,9.95,,,0.0,203070351.0,perfumedirect.com,£17.99 £179.90/L,https://www.idealo.co.uk/relocator/relocate?categoryId=3972&offerKey=b4eb3283717b49b7c4fde85c96f4885f&offerListId=203070351-36B097306E3BAB3A2C10F3A5E799000C&pos=6&price=17.99&productid=203070351&sid=318630&type=offer
01-BS-JF-TS100,BRITNEY SPEARS JUNGLE FANTASY EDT-S 100ML,719346262170.0,1000+,42.0,9.95,,,0.0,203070351.0,ebay.co.uk,£19.86 £198.60/L,https://www.idealo.co.uk/relocator/relocate?categoryId=3972&offerKey=5d2f610c75c9e4e1a37b3e5b4d8e6d7a&offerListId=203070351-36B097306E3BAB3A2C10F3A5E799000C&pos=7&price=19.86&productid=203070351&sid=22818&type=offer
01-BS-JF-TS100,BRITNEY SPEARS JUNGLE FANTASY EDT-S 100ML,719346262170.0,1000+,42.0,9.95,,,0.0,203070351.0,onbuy.com,£20.46 £204.60/L,https://www.idealo.co.uk/relocator/relocate?categoryId=3972&offerKey=70c4830f1da266433e9ac6094bb4c82b&offerListId=203070351-36B097306E3BAB3A2C10F3A5E799000C&pos=8&price=20.46&productid=203070351&sid=316895&type=offer
01-BS-JF-TS100,BRITNEY SPEARS JUNGLE FANTASY EDT-S 100ML,719346262170.0,1000+,42.0,9.95,,,0.0,203070351.0,unineed.com,£25.99 £259.90/L,https://www.idealo.co.uk/relocator/relocate?categoryId=3972&offerKey=83c39643249a03699a9af11e831c9967&offerListId=203070351-36B097306E3BAB3A2C10F3A5E799000C&pos=9&price=25.99&productid=203070351&sid=314440&type=offer
01-BS-JF-TS100,BRITNEY SPEARS JUNGLE FANTASY EDT-S 100ML,719346262170.0,1000+,42.0,9.95,,,0.0,203070351.0,cazaar.co.uk,£34.40 £344.00/L,https://www.idealo.co.uk/relocator/relocate?categoryId=3972&offerKey=ec3b03899872c33fb64e3777c2673aba&offerListId=203070351-36B097306E3BAB3A2C10F3A5E799000C&pos=10&price=34.40&productid=203070351&sid=331015&type=offer
01-BS-JF-TS100,BRITNEY SPEARS JUNGLE FANTASY EDT-S 100ML,719346262170.0,1000+,42.0,9.95,,,0.0,203070351.0,freemans.com (UK),£42.00 £420.00/L,https://www.idealo.co.uk/relocator/relocate?categoryId=3972&offerKey=a23c88473a3e0fa5f47a1ddcf44106d1&offerListId=203070351-36B097306E3BAB3A2C10F3A5E799000C&pos=11&price=42.00&productid=203070351&sid=320471&type=offer
01-BS-MF-PS100,BRITNEY SPEARS MIDNIGHT FANTASY EDP-S 100ML,719346094665.0,1000+,46.0,10.95,,,0.0,840849.0,ebay.co.uk,£15.99 £159.90/L,https://www.idealo.co.uk/relocator/relocate?categoryId=3972&offerKey=f7a8ff3af23c88eab90afdc5f7019042&offerListId=840849-251E0466C530B4BB82F918990D6827FE&pos=1&price=15.99&productid=840849&sid=22818&type=offer
01-BS-MF-PS100,BRITNEY SPEARS MIDNIGHT FANTASY EDP-S 100ML,719346094665.0,1000+,46.0,10.95,,,0.0,840849.0,Perfumeclick.co.uk,£17.65 £176.50/L,https://www.idealo.co.uk/relocator/relocate?categoryId=3972&offerKey=53ce155cf7fddb52f6800b6641c41b99&offerListId=840849-251E0466C530B4BB82F918990D6827FE&pos=2&price=17.65&productid=840849&sid=69736&type=offer
01-BS-MF-PS100,BRITNEY SPEARS MIDNIGHT FANTASY EDP-S 100ML,719346094665.0,1000+,46.0,10.95,,,0.0,840849.0,onbuy.com,£17.99 £179.90/L,https://www.idealo.co.uk/relocator/relocate?categoryId=3972&offerKey=251cc1c1b826ea29def2967f874f5b98&offerListId=840849-251E0466C530B4BB82F918990D6827FE&pos=3&price=17.99&productid=840849&sid=316895&type=offer
01-BS-MF-PS100,BRITNEY SPEARS MIDNIGHT FANTASY EDP-S 100ML,719346094665.0,1000+,46.0,10.95,,,0.0,840849.0,debenhams.com,£18.00 £180.00/L,https://www.idealo.co.uk/relocator/relocate?categoryId=3972&offerKey=83bc615400bd8340a6f4612459f7b15e&offerListId=840849-251E0466C530B4BB82F918990D6827FE&pos=4&price=18.00&productid=840849&sid=324109&type=offer
01-BS-MF-PS100,BRITNEY SPEARS MIDNIGHT FANTASY EDP-S 100ML,719346094665.0,1000+,46.0,10.95,,,0.0,840849.0,cosmetify.com,£18.53 £185.30/L,https://www.idealo.co.uk/relocator/relocate?categoryId=3972&offerKey=e291265cd4fa919923c55b1e82a1637f&offerListId=840849-251E0466C530B4BB82F918990D6827FE&pos=5&price=18.53&productid=840849&sid=329503&type=offer
01-BS-MF-PS100,BRITNEY SPEARS MIDNIGHT FANTASY EDP-S 100ML,719346094665.0,1000+,46.0,10.95,,,0.0,840849.0,bodycareonline.co.uk,£18.69 £186.90/L,https://www.idealo.co.uk/relocator/relocate?categoryId=3972&offerKey=9c30dc7471518bb3d0b3c8c615a9c0a5&offerListId=840849-251E0466C530B4BB82F918990D6827FE&pos=6&price=18.69&productid=840849&sid=332851&type=offer
01-BS-MF-PS100,BRITNEY SPEARS MIDNIGHT FANTASY EDP-S 100ML,719346094665.0,1000+,46.0,10.95,,,0.0,840849.0,perfumedirect.com,£18.99 £189.90/L,https://www.idealo.co.uk/relocator/relocate?categoryId=3972&offerKey=d0331b4186e9727eac26a74af4687698&offerListId=840849-251E0466C530B4BB82F918990D6827FE&pos=7&price=18.99&productid=840849&sid=318630&type=offer
01-BS-MF-PS100,BRITNEY SPEARS MIDNIGHT FANTASY EDP-S 100ML,719346094665.0,1000+,46.0,10.95,,,0.0,840849.0,Amazon-marketplace.co.uk,£19.79 £197.90/L,https://www.idealo.co.uk/relocator/relocate?categoryId=3972&offerKey=4189efa27b8072672d794d9c3fc394d2&offerListId=840849-251E0466C530B4BB82F918990D6827FE&pos=8&price=19.79&productid=840849&sid=22828&type=offer
01-BS-MF-PS100,BRITNEY SPEARS MIDNIGHT FANTASY EDP-S 100ML,719346094665.0,1000+,46.0,10.95,,,0.0,840849.0,allbeauty.com(UK),£19.95 £199.50/L,https://www.idealo.co.uk/relocator/relocate?categoryId=3972&offerKey=b606c06b043f63ca85de00409278a9e4&offerListId=840849-251E0466C530B4BB82F918990D6827FE&pos=9&price=19.95&productid=840849&sid=28942&type=offer
01-BS-MF-PS100,BRITNEY SPEARS MIDNIGHT FANTASY EDP-S 100ML,719346094665.0,1000+,46.0,10.95,,,0.0,840849.0,Dressinn.com (UK),£19.99 £199.90/L,https://www.idealo.co.uk/relocator/relocate?categoryId=3972&offerKey=9b4accd4a7902e741350bfd5761b6d17&offerListId=840849-251E0466C530B4BB82F918990D6827FE&pos=10&price=19.99&productid=840849&sid=318629&type=offer
01-BS-MF-PS100,BRITNEY SPEARS MIDNIGHT FANTASY EDP-S 100ML,719346094665.0,1000+,46.0,10.95,,,0.0,840849.0,Perfumeshopping.com(UK),£20.86 £208.60/L,https://www.idealo.co.uk/relocator/relocate?categoryId=3972&offerKey=8d9991957f843454821b57efaaf929a2&offerListId=840849-251E0466C530B4BB82F918990D6827FE&pos=11&price=20.86&productid=840849&sid=282217&type=offer
01-BS-MF-PS100,BRITNEY SPEARS MIDNIGHT FANTASY EDP-S 100ML,719346094665.0,1000+,46.0,10.95,,,0.0,840849.0,Directcosmetics.com(UK),£22.50 £225.00/L,https://www.idealo.co.uk/relocator/relocate?categoryId=3972&offerKey=ece93952d2af2fab4e351e27ed314fb1&offerListId=840849-251E0466C530B4BB82F918990D6827FE&pos=12&price=22.50&productid=840849&sid=24317&type=offer
01-BS-MF-PS100,BRITNEY SPEARS MIDNIGHT FANTASY EDP-S 100ML,719346094665.0,1000+,46.0,10.95,,,0.0,840849.0,Expresschemist.co.uk,£22.55 £225.50/L,https://www.idealo.co.uk/relocator/relocate?categoryId=3972&offerKey=c5edab9c794e8494c0071701a4df66c9&offerListId=840849-251E0466C530B4BB82F918990D6827FE&pos=13&price=22.55&productid=840849&sid=22167&type=offer
01-BS-MF-PS100,BRITNEY SPEARS MIDNIGHT FANTASY EDP-S 100ML,719346094665.0,1000+,46.0,10.95,,,0.0,840849.0,,£22.82 £228.20/L,https://www.idealo.co.uk/relocator/relocate?categoryId=3972&offerKey=b59e6ed62877e2c72a9d757090439bda&offerListId=840849-251E0466C530B4BB82F918990D6827FE&pos=14&price=22.82&productid=840849&sid=307734&type=offer
01-BS-MF-PS100,BRITNEY SPEARS MIDNIGHT FANTASY EDP-S 100ML,719346094665.0,1000+,46.0,10.95,,,0.0,840849.0,Thefragrancecounter.com (UK),£23.95 £239.50/L,https://www.idealo.co.uk/relocator/relocate?categoryId=3972&offerKey=c20bab0beda01692c96c35f4dfc0fbb1&offerListId=840849-251E0466C530B4BB82F918990D6827FE&pos=15&price=23.95&productid=840849&sid=299378&type=offer
01-BS-MF-PS100,BRITNEY SPEARS MIDNIGHT FANTASY EDP-S 100ML,719346094665.0,1000+,46.0,10.95,,,0.0,840849.0,Pharmacy2u.co.uk,£24.50 £245.00/L,https://www.idealo.co.uk/relocator/relocate?categoryId=3972&offerKey=bca6b1f3744eabe08e0dbe5224460a0c&offerListId=840849-251E0466C530B4BB82F918990D6827FE&pos=16&price=24.50&productid=840849&sid=25468&type=offer
01-BS-MF-PS100,BRITNEY SPEARS MIDNIGHT FANTASY EDP-S 100ML,719346094665.0,1000+,46.0,10.95,,,0.0,840849.0,beautybase.com(UK),£25.00 £250.00/L,https://www.idealo.co.uk/relocator/relocate?categoryId=3972&offerKey=aa325008e32945b737cf571cd8b46caa&offerListId=840849-251E0466C530B4BB82F918990D6827FE&pos=17&price=25.00&productid=840849&sid=299115&type=offer
01-BS-MF-PS100,BRITNEY SPEARS MIDNIGHT FANTASY EDP-S 100ML,719346094665.0,1000+,46.0,10.95,,,0.0,840849.0,escentual.com(UK),£25.75 £257.50/L,https://www.idealo.co.uk/relocator/relocate?categoryId=3972&offerKey=a0d740ee6689b3ceda2ef9125425f2dc&offerListId=840849-251E0466C530B4BB82F918990D6827FE&pos=18&price=25.75&productid=840849&sid=21988&type=offer
01-BS-MF-PS100,BRITNEY SPEARS MIDNIGHT FANTASY EDP-S 100ML,719346094665.0,1000+,46.0,10.95,,,0.0,840849.0,pampa.co.uk,£28.30 £283.00/L,https://www.idealo.co.uk/relocator/relocate?categoryId=3972&offerKey=b481dd9cf22b79d71d6b6eab041c3b58&offerListId=840849-251E0466C530B4BB82F918990D6827FE&pos=19&price=28.30&productid=840849&sid=329455&type=offer
01-BS-MF-PS100,BRITNEY SPEARS MIDNIGHT FANTASY EDP-S 100ML,719346094665.0,1000+,46.0,10.95,,,0.0,840849.0,cazaar.co.uk,£40.85 £408.50/L,https://www.idealo.co.uk/relocator/relocate?categoryId=3972&offerKey=99271f607b56b26b679452668f536a93&offerListId=840849-251E0466C530B4BB82F918990D6827FE&pos=20&price=40.85&productid=840849&sid=331015&type=offer
01-BS-MF-PS30,BRITNEY SPEARS MIDNIGHT FANTASY EDP-S 30ML,719346107297.0,1000+,28.0,6.95,,,0.0,820481.0,cosmetify.com,£11.99 £399.67/L,https://www.idealo.co.uk/relocator/relocate?categoryId=3972&offerKey=87f3171a2641f0b21546fe807dc9c398&offerListId=820481-46A2541099787577B49052F2A2170F80&pos=1&price=11.99&productid=820481&sid=329503&type=offer
01-BS-MF-PS30,BRITNEY SPEARS MIDNIGHT FANTASY EDP-S 30ML,719346107297.0,1000+,28.0,6.95,,,0.0,820481.0,perfumedirect.com,£11.99 £399.67/L,https://www.idealo.co.uk/relocator/relocate?categoryId=3972&offerKey=00d5b70a43c50a0c4856ee170808cfcc&offerListId=820481-46A2541099787577B49052F2A2170F80&pos=2&price=11.99&productid=820481&sid=318630&type=offer
01-BS-MF-PS30,BRITNEY SPEARS MIDNIGHT FANTASY EDP-S 30ML,719346107297.0,1000+,28.0,6.95,,,0.0,820481.0,Perfumeclick.co.uk,£12.95 £431.67/L,https://www.idealo.co.uk/relocator/relocate?categoryId=3972&offerKey=5756eb1a34b0706627b3049782ea9695&offerListId=820481-46A2541099787577B49052F2A2170F80&pos=3&price=12.95&productid=820481&sid=69736&type=offer
01-BS-MF-PS30,BRITNEY SPEARS MIDNIGHT FANTASY EDP-S 30ML,719346107297.0,1000+,28.0,6.95,,,0.0,820481.0,onbuy.com,£12.95 £431.67/L,https://www.idealo.co.uk/relocator/relocate?categoryId=3972&offerKey=5360047f279f448d898c7d90606a1ab1&offerListId=820481-46A2541099787577B49052F2A2170F80&pos=4&price=12.95&productid=820481&sid=316895&type=offer
01-BS-MF-PS30,BRITNEY SPEARS MIDNIGHT FANTASY EDP-S 30ML,719346107297.0,1000+,28.0,6.95,,,0.0,820481.0,Tjhughes.co.uk,£13.00 £433.33/L,https://www.idealo.co.uk/relocator/relocate?categoryId=3972&offerKey=7e50ef2bfe19519f7e00dfc01727264a&offerListId=820481-46A2541099787577B49052F2A2170F80&pos=5&price=13.00&productid=820481&sid=28759&type=offer
01-BS-MF-PS30,BRITNEY SPEARS MIDNIGHT FANTASY EDP-S 30ML,719346107297.0,1000+,28.0,6.95,,,0.0,820481.0,,£13.86 £462.00/L,https://www.idealo.co.uk/relocator/relocate?categoryId=3972&offerKey=e28b70642de45e32254fe5157ecc6a58&offerListId=820481-46A2541099787577B49052F2A2170F80&pos=6&price=13.86&productid=820481&sid=307734&type=offer
01-BS-MF-PS30,BRITNEY SPEARS MIDNIGHT FANTASY EDP-S 30ML,719346107297.0,1000+,28.0,6.95,,,0.0,820481.0,Thefragrancecounter.com (UK),£13.95 £465.00/L,https://www.idealo.co.uk/relocator/relocate?categoryId=3972&offerKey=31e752b54de3c36b8a85bb78b190de43&offerListId=820481-46A2541099787577B49052F2A2170F80&pos=7&price=13.95&productid=820481&sid=299378&type=offer
01-BS-MF-PS30,BRITNEY SPEARS MIDNIGHT FANTASY EDP-S 30ML,719346107297.0,1000+,28.0,6.95,,,0.0,820481.0,amazon.co.uk,£14.00 £466.67/L,https://www.idealo.co.uk/relocator/relocate?categoryId=3972&offerKey=de607bd24a3de0103e38c97410369862&offerListId=820481-46A2541099787577B49052F2A2170F80&pos=8&price=14.00&productid=820481&sid=12004&type=offer
01-BS-MF-PS30,BRITNEY SPEARS MIDNIGHT FANTASY EDP-S 30ML,719346107297.0,1000+,28.0,6.95,,,0.0,820481.0,ebay.co.uk,£14.29 £476.33/L,https://www.idealo.co.uk/relocator/relocate?categoryId=3972&offerKey=9d8e8694c7ff2ee7c961e317c4421666&offerListId=820481-46A2541099787577B49052F2A2170F80&pos=9&price=14.29&productid=820481&sid=22818&type=offer
01-BS-MF-PS30,BRITNEY SPEARS MIDNIGHT FANTASY EDP-S 30ML,719346107297.0,1000+,28.0,6.95,,,0.0,820481.0,Amazon-marketplace.co.uk,£14.30 £476.67/L,https://www.idealo.co.uk/relocator/relocate?categoryId=3972&offerKey=0ef49cb73a98b40dffc97576eedc2397&offerListId=820481-46A2541099787577B49052F2A2170F80&pos=10&price=14.30&productid=820481&sid=22828&type=offer
01-BS-MF-PS30,BRITNEY SPEARS MIDNIGHT FANTASY EDP-S 30ML,719346107297.0,1000+,28.0,6.95,,,0.0,820481.0,cosmetify.com,£14.64 £488.00/L,https://www.idealo.co.uk/relocator/relocate?categoryId=3972&offerKey=cf3690b739a308fc49c11cc9626a20b8&offerListId=820481-46A2541099787577B49052F2A2170F80&pos=11&price=14.64&productid=820481&sid=329503&type=offer
01-BS-MF-PS30,BRITNEY SPEARS MIDNIGHT FANTASY EDP-S 30ML,719346107297.0,1000+,28.0,6.95,,,0.0,820481.0,Fragrancedirect.co.uk,£14.95 £498.33/L,https://www.idealo.co.uk/relocator/relocate?categoryId=3972&offerKey=93e1b89537ab7514dda42799ac9c0dd1&offerListId=820481-46A2541099787577B49052F2A2170F80&pos=12&price=14.95&productid=820481&sid=21971&type=offer
01-BS-MF-PS30,BRITNEY SPEARS MIDNIGHT FANTASY EDP-S 30ML,719346107297.0,1000+,28.0,6.95,,,0.0,820481.0,Boots.com (UK),£15.00 £500.00/L,https://www.idealo.co.uk/relocator/relocate?categoryId=3972&offerKey=8a86c48fc12a37cc5a5de42ef8bb9e40&offerListId=820481-46A2541099787577B49052F2A2170F80&pos=13&price=15.00&productid=820481&sid=27286&type=offer
01-BS-MF-PS30,BRITNEY SPEARS MIDNIGHT FANTASY EDP-S 30ML,719346107297.0,1000+,28.0,6.95,,,0.0,820481.0,pampa.co.uk,£17.10 £570.00/L,https://www.idealo.co.uk/relocator/relocate?categoryId=3972&offerKey=0aa9d1bf48c4832c185f840bfcd80102&offerListId=820481-46A2541099787577B49052F2A2170F80&pos=14&price=17.10&productid=820481&sid=329455&type=offer
01-BS-MF-PS30,BRITNEY SPEARS MIDNIGHT FANTASY EDP-S 30ML,719346107297.0,1000+,28.0,6.95,,,0.0,820481.0,argos.co.uk,£20.00 £666.67/L,https://www.idealo.co.uk/relocator/relocate?categoryId=3972&offerKey=b78289c4dc1e61f51987eaaadf16ea0b&offerListId=820481-46A2541099787577B49052F2A2170F80&pos=15&price=20.00&productid=820481&sid=320560&type=offer
01-BS-MF-PS30,BRITNEY SPEARS MIDNIGHT FANTASY EDP-S 30ML,719346107297.0,1000+,28.0,6.95,,,0.0,820481.0,onbuy.com,£20.13 £671.00/L,https://www.idealo.co.uk/relocator/relocate?categoryId=3972&offerKey=5566a5d399a272145c29427642788355&offerListId=820481-46A2541099787577B49052F2A2170F80&pos=16&price=20.13&productid=820481&sid=316895&type=offer
01-BS-MF-PS30,BRITNEY SPEARS MIDNIGHT FANTASY EDP-S 30ML,719346107297.0,1000+,28.0,6.95,,,0.0,820481.0,onbuy.com,£22.19 £739.67/L,https://www.idealo.co.uk/relocator/relocate?categoryId=3972&offerKey=874bc27dc6c1a48794a7e2d92cd0667c&offerListId=820481-46A2541099787577B49052F2A2170F80&pos=17&price=22.19&productid=820481&sid=316895&type=offer
01-BS-MF-PS30,BRITNEY SPEARS MIDNIGHT FANTASY EDP-S 30ML,719346107297.0,1000+,28.0,6.95,,,0.0,820481.0,cazaar.co.uk,£24.73 £824.33/L,https://www.idealo.co.uk/relocator/relocate?categoryId=3972&offerKey=bdbe194dc93462467262eb86d73d39c2&offerListId=820481-46A2541099787577B49052F2A2170F80&pos=18&price=24.73&productid=820481&sid=331015&type=offer
01-BS-MF-PS30,BRITNEY SPEARS MIDNIGHT FANTASY EDP-S 30ML,719346107297.0,1000+,28.0,6.95,,,0.0,820481.0,freemans.com (UK),£28.00 £933.33/L,https://www.idealo.co.uk/relocator/relocate?categoryId=3972&offerKey=dd23117b9b41dd2efcb4fe189d9ffebd&offerListId=820481-46A2541099787577B49052F2A2170F80&pos=19&price=28.00&productid=820481&sid=320471&type=offer
01-BS-NF-TS100,BRITNEY SPEARS NAKED FANTASY EDT-S 100ML,719346228992.0,1000+,37.0,10.5,,,0.0,202135883.0,Perfumeclick.co.uk,£14.90 £149.00/L,https://www.idealo.co.uk/relocator/relocate?categoryId=3972&offerKey=985f5071a834e4ccba5437f677fe1f68&offerListId=202135883-2C368C9C93093B4947AF4EB412D843F6&pos=1&price=14.90&productid=202135883&sid=69736&type=offer
01-BS-NF-TS100,BRITNEY SPEARS NAKED FANTASY EDT-S 100ML,719346228992.0,1000+,37.0,10.5,,,0.0,202135883.0,cosmetify.com,£15.65 £156.50/L,https://www.idealo.co.uk/relocator/relocate?categoryId=3972&offerKey=36abeff48c2a9ec36a844671bfe12fcb&offerListId=202135883-2C368C9C93093B4947AF4EB412D843F6&pos=2&price=15.65&productid=202135883&sid=329503&type=offer
01-BS-NF-TS100,BRITNEY SPEARS NAKED FANTASY EDT-S 100ML,719346228992.0,1000+,37.0,10.5,,,0.0,202135883.0,perfumedirect.com,£16.99 £169.90/L,https://www.idealo.co.uk/relocator/relocate?categoryId=3972&offerKey=4310f6ddaf9c9ef93c475b44c07d3e39&offerListId=202135883-2C368C9C93093B4947AF4EB412D843F6&pos=3&price=16.99&productid=202135883&sid=318630&type=offer
01-BS-NF-TS100,BRITNEY SPEARS NAKED FANTASY EDT-S 100ML,719346228992.0,1000+,37.0,10.5,,,0.0,202135883.0,allbeauty.com(UK),£17.45 £174.50/L,https://www.idealo.co.uk/relocator/relocate?categoryId=3972&offerKey=6423295527f381738ee43d0d18afb393&offerListId=202135883-2C368C9C93093B4947AF4EB412D843F6&pos=4&price=17.45&productid=202135883&sid=28942&type=offer
01-BS-NF-TS100,BRITNEY SPEARS NAKED FANTASY EDT-S 100ML,719346228992.0,1000+,37.0,10.5,,,0.0,202135883.0,ebay.co.uk,£18.41 £184.10/L,https://www.idealo.co.uk/relocator/relocate?categoryId=3972&offerKey=487be3c8eda59996732b79f162f93c94&offerListId=202135883-2C368C9C93093B4947AF4EB412D843F6&pos=5&price=18.41&productid=202135883&sid=22818&type=offer
01-BS-NF-TS100,BRITNEY SPEARS NAKED FANTASY EDT-S 100ML,719346228992.0,1000+,37.0,10.5,,,0.0,202135883.0,onbuy.com,£18.93 £189.30/L,https://www.idealo.co.uk/relocator/relocate?categoryId=3972&offerKey=f8a9a6a22384d8ee63c6daba6fa14646&offerListId=202135883-2C368C9C93093B4947AF4EB412D843F6&pos=6&price=18.93&productid=202135883&sid=316895&type=offer
01-BS-NF-TS100,BRITNEY SPEARS NAKED FANTASY EDT-S 100ML,719346228992.0,1000+,37.0,10.5,,,0.0,202135883.0,Amazon-marketplace.co.uk,£20.49 £204.90/L,https://www.idealo.co.uk/relocator/relocate?categoryId=3972&offerKey=f91a9f495468311cdd22e3d6e38e7599&offerListId=202135883-2C368C9C93093B4947AF4EB412D843F6&pos=7&price=20.49&productid=202135883&sid=22828&type=offer
01-BS-NF-TS100,BRITNEY SPEARS NAKED FANTASY EDT-S 100ML,719346228992.0,1000+,37.0,10.5,,,0.0,202135883.0,unineed.com,£24.99 £249.90/L,https://www.idealo.co.uk/relocator/relocate?categoryId=3972&offerKey=b376ae70d591bdf73cb92d25781dd3e8&offerListId=202135883-2C368C9C93093B4947AF4EB412D843F6&pos=8&price=24.99&productid=202135883&sid=314440&type=offer
01-BS-NF-TS100,BRITNEY SPEARS NAKED FANTASY EDT-S 100ML,719346228992.0,1000+,37.0,10.5,,,0.0,202135883.0,Luxplus.co.uk,£36.99 £369.90/L,https://www.idealo.co.uk/relocator/relocate?categoryId=3972&offerKey=b6a1467d45ccf0382585f02036e85aa4&offerListId=202135883-2C368C9C93093B4947AF4EB412D843F6&pos=9&price=36.99&productid=202135883&sid=322970&type=offer
01-BS-NF-TS100,BRITNEY SPEARS NAKED FANTASY EDT-S 100ML,719346228992.0,1000+,37.0,10.5,,,0.0,202135883.0,cazaar.co.uk,£39.78 £397.80/L,https://www.idealo.co.uk/relocator/relocate?categoryId=3972&offerKey=c6057f6cb71cb26009bcb02d3e5007fb&offerListId=202135883-2C368C9C93093B4947AF4EB412D843F6&pos=10&price=39.78&productid=202135883&sid=331015&type=offer
01-BS-NF-TS100,BRITNEY SPEARS NAKED FANTASY EDT-S 100ML,719346228992.0,1000+,37.0,10.5,,,0.0,202135883.0,freemans.com (UK),£42.00 £420.00/L,https://www.idealo.co.uk/relocator/relocate?categoryId=3972&offerKey=1523e4c89c3d8f2bca44038a7b0e43db&offerListId=202135883-2C368C9C93093B4947AF4EB412D843F6&pos=11&price=42.00&productid=202135883&sid=320471&type=offer
01-BU-BFH-TS100,BURBERRY BRIT FOR HER EDT-S 100ML,3614226905253.0,313,75.0,22.95,,,0.0,589094.0,,£27.68 £276.80/L,https://www.idealo.co.uk/relocator/relocate?categoryId=3972&offerKey=2ade6c10388b82214775c599196bad9b&offerListId=589094-5E8DB2FFD812AE198A07E13E1B58B05E&pos=1&price=27.68&productid=589094&sid=307734&type=offer
01-BU-BFH-TS100,BURBERRY BRIT FOR HER EDT-S 100ML,3614226905253.0,313,75.0,22.95,,,0.0,589094.0,Perfumeshopping.com(UK),£34.20 £342.00/L,https://www.idealo.co.uk/relocator/relocate?categoryId=3972&offerKey=19a12ff0b3548c9d57594d8aa9236564&offerListId=589094-5E8DB2FFD812AE198A07E13E1B58B05E&pos=2&price=34.20&productid=589094&sid=282217&type=offer
01-BU-BFH-TS100,BURBERRY BRIT FOR HER EDT-S 100ML,3614226905253.0,313,75.0,22.95,,,0.0,589094.0,onbuy.com,£35.64 £356.40/L,https://www.idealo.co.uk/relocator/relocate?categoryId=3972&offerKey=70190e3a05ce962645cd335fa53595a3&offerListId=589094-5E8DB2FFD812AE198A07E13E1B58B05E&pos=3&price=35.64&productid=589094&sid=316895&type=offer
01-BU-BFH-TS100,BURBERRY BRIT FOR HER EDT-S 100ML,3614226905253.0,313,75.0,22.95,,,0.0,589094.0,allbeauty.com(UK),£36.95 £369.50/L,https://www.idealo.co.uk/relocator/relocate?categoryId=3972&offerKey=3b99951c1f76e408f90aaf8320f5cd9f&offerListId=589094-5E8DB2FFD812AE198A07E13E1B58B05E&pos=4&price=36.95&productid=589094&sid=28942&type=offer
01-BU-BFH-TS100,BURBERRY BRIT FOR HER EDT-S 100ML,3614226905253.0,313,75.0,22.95,,,0.0,589094.0,Perfumeclick.co.uk,£37.80 £378.00/L,https://www.idealo.co.uk/relocator/relocate?categoryId=3972&offerKey=10a3263b77658ef506c3d87320dc9b0c&offerListId=589094-5E8DB2FFD812AE198A07E13E1B58B05E&pos=5&price=37.80&productid=589094&sid=69736&type=offer
01-BU-BFH-TS100,BURBERRY BRIT FOR HER EDT-S 100ML,3614226905253.0,313,75.0,22.95,,,0.0,589094.0,Therange.co.uk,£38.66 £386.60/L,https://www.idealo.co.uk/relocator/relocate?categoryId=3972&offerKey=eac7fdf0ef4d35189a96fc84bb515e85&offerListId=589094-5E8DB2FFD812AE198A07E13E1B58B05E&pos=6&price=38.66&productid=589094&sid=288194&type=offer
01-BU-BFH-TS100,BURBERRY BRIT FOR HER EDT-S 100ML,3614226905253.0,313,75.0,22.95,,,0.0,589094.0,ebay.co.uk,£38.88 £388.80/L,https://www.idealo.co.uk/relocator/relocate?categoryId=3972&offerKey=10a995bd52e8855d1ff3b9643c981d38&offerListId=589094-5E8DB2FFD812AE198A07E13E1B58B05E&pos=7&price=38.88&productid=589094&sid=22818&type=offer
01-BU-BFH-TS100,BURBERRY BRIT FOR HER EDT-S 100ML,3614226905253.0,313,75.0,22.95,,,0.0,589094.0,secretsales.com (UK),£39.33 £393.30/L,https://www.idealo.co.uk/relocator/relocate?categoryId=3972&offerKey=68e14ac4281a05a5414b0ba5aa6e83d0&offerListId=589094-5E8DB2FFD812AE198A07E13E1B58B05E&pos=8&price=39.33&productid=589094&sid=324015&type=offer
01-BU-BFH-TS100,BURBERRY BRIT FOR HER EDT-S 100ML,3614226905253.0,313,75.0,22.95,,,0.0,589094.0,cosmetify.com,£39.69 £396.90/L,https://www.idealo.co.uk/relocator/relocate?categoryId=3972&offerKey=1b29a0928b41e23b9520674ce06d061c&offerListId=589094-5E8DB2FFD812AE198A07E13E1B58B05E&pos=9&price=39.69&productid=589094&sid=329503&type=offer
01-BU-BFH-TS100,BURBERRY BRIT FOR HER EDT-S 100ML,3614226905253.0,313,75.0,22.95,,,0.0,589094.0,Perfumeshopping.com(UK),£39.81 £398.10/L,https://www.idealo.co.uk/relocator/relocate?categoryId=3972&offerKey=f006b240f1a9a9e6363eaefef372ee17&offerListId=589094-5E8DB2FFD812AE198A07E13E1B58B05E&pos=10&price=39.81&productid=589094&sid=282217&type=offer
01-BU-BFH-TS100,BURBERRY BRIT FOR HER EDT-S 100ML,3614226905253.0,313,75.0,22.95,,,0.0,589094.0,Directcosmetics.com(UK),£39.99 £399.90/L,https://www.idealo.co.uk/relocator/relocate?categoryId=3972&offerKey=0539c884fc3c6a4feb44173e4ee725b1&offerListId=589094-5E8DB2FFD812AE198A07E13E1B58B05E&pos=11&price=39.99&productid=589094&sid=24317&type=offer
01-BU-BFH-TS100,BURBERRY BRIT FOR HER EDT-S 100ML,3614226905253.0,313,75.0,22.95,,,0.0,589094.0,Dressinn.com (UK),£41.99 £419.90/L,https://www.idealo.co.uk/relocator/relocate?categoryId=3972&offerKey=b6bf964fa7dd0c3589374ec23547109b&offerListId=589094-5E8DB2FFD812AE198A07E13E1B58B05E&pos=12&price=41.99&productid=589094&sid=318629&type=offer
01-BU-BFH-TS100,BURBERRY BRIT FOR HER EDT-S 100ML,3614226905253.0,313,75.0,22.95,,,0.0,589094.0,Perfumeshopping.com(UK),£42.91 £429.10/L,https://www.idealo.co.uk/relocator/relocate?categoryId=3972&offerKey=b0fadd7ff9d0e3fcc6f35ef5100b3c58&offerListId=589094-5E8DB2FFD812AE198A07E13E1B58B05E&pos=13&price=42.91&productid=589094&sid=282217&type=offer
01-BU-BFH-TS100,BURBERRY BRIT FOR HER EDT-S 100ML,3614226905253.0,313,75.0,22.95,,,0.0,589094.0,onbuy.com,£44.82 £448.20/L,https://www.idealo.co.uk/relocator/relocate?categoryId=3972&offerKey=2c9684648d0964b5c2cd3865c9b0c54d&offerListId=589094-5E8DB2FFD812AE198A07E13E1B58B05E&pos=14&price=44.82&productid=589094&sid=316895&type=offer
01-BU-BFH-TS100,BURBERRY BRIT FOR HER EDT-S 100ML,3614226905253.0,313,75.0,22.95,,,0.0,589094.0,Amazon-marketplace.co.uk,£45.00 £450.00/L,https://www.idealo.co.uk/relocator/relocate?categoryId=3972&offerKey=1b37991c9a43c65d2bd769598b3463db&offerListId=589094-5E8DB2FFD812AE198A07E13E1B58B05E&pos=15&price=45.00&productid=589094&sid=22828&type=offer
01-BU-BFH-TS100,BURBERRY BRIT FOR HER EDT-S 100ML,3614226905253.0,313,75.0,22.95,,,0.0,589094.0,my-origines.com(UK),£46.16 £461.60/L,https://www.idealo.co.uk/relocator/relocate?categoryId=3972&offerKey=e3b6cde13e3c72d3b9d6ffafa4ffc374&offerListId=589094-5E8DB2FFD812AE198A07E13E1B58B05E&pos=16&price=46.16&productid=589094&sid=328503&type=offer
01-BU-BFH-TS100,BURBERRY BRIT FOR HER EDT-S 100ML,3614226905253.0,313,75.0,22.95,,,0.0,589094.0,cazaar.co.uk,£56.98 £569.80/L,https://www.idealo.co.uk/relocator/relocate?categoryId=3972&offerKey=1bb1a69680d6f02ba42582be00c2120e&offerListId=589094-5E8DB2FFD812AE198A07E13E1B58B05E&pos=17&price=56.98&productid=589094&sid=331015&type=offer
01-BU-BFH-TS100,BURBERRY BRIT FOR HER EDT-S 100ML,3614226905253.0,313,75.0,22.95,,,0.0,589094.0,freemans.com (UK),£75.00 £750.00/L,https://www.idealo.co.uk/relocator/relocate?categoryId=3972&offerKey=df086197354009b3c1da6c6e5849738d&offerListId=589094-5E8DB2FFD812AE198A07E13E1B58B05E&pos=18&price=75.00&productid=589094&sid=320471&type=offer
01-BU-BFH-TS100,BURBERRY BRIT FOR HER EDT-S 100ML,3614226905253.0,313,75.0,22.95,,,0.0,589094.0,Luxplus.co.uk,£77.25 £772.50/L,https://www.idealo.co.uk/relocator/relocate?categoryId=3972&offerKey=23daebfa7d37635d9bc27d509208f0d4&offerListId=589094-5E8DB2FFD812AE198A07E13E1B58B05E&pos=19&price=77.25&productid=589094&sid=322970&type=offer
01-BU-LON-PS100,BURBERRY LONDON FOR WOMEN EDP-S 100ML,3614226905185.0,1000+,96.0,21.95,,,0.0,735616.0,,£27.44 £274.40/L,https://www.idealo.co.uk/relocator/relocate?categoryId=3972&offerKey=bb1bf48bd16c5d3939593fb98ad1d955&offerListId=735616-B0DE5A96FFDBFEB8424AF8ACA83AF2EF&pos=1&price=27.44&productid=735616&sid=307734&type=offer
01-BU-LON-PS100,BURBERRY LONDON FOR WOMEN EDP-S 100ML,3614226905185.0,1000+,96.0,21.95,,,0.0,735616.0,perfumeprice.co.uk,£36.95 £369.50/L,https://www.idealo.co.uk/relocator/relocate?categoryId=3972&offerKey=2a1ef0522d8f6ab993c93efb5680cc1f&offerListId=735616-B0DE5A96FFDBFEB8424AF8ACA83AF2EF&pos=2&price=36.95&productid=735616&sid=321700&type=offer
01-BU-LON-PS100,BURBERRY LONDON FOR WOMEN EDP-S 100ML,3614226905185.0,1000+,96.0,21.95,,,0.0,735616.0,ebay.co.uk,£36.98 £369.80/L,https://www.idealo.co.uk/relocator/relocate?categoryId=3972&offerKey=5211eefa517615e719419882f506899e&offerListId=735616-B0DE5A96FFDBFEB8424AF8ACA83AF2EF&pos=3&price=36.98&productid=735616&sid=22818&type=offer
01-BU-LON-PS100,BURBERRY LONDON FOR WOMEN EDP-S 100ML,3614226905185.0,1000+,96.0,21.95,,,0.0,735616.0,allbeauty.com(UK),£37.95 £379.50/L,https://www.idealo.co.uk/relocator/relocate?categoryId=3972&offerKey=15e8327a72229943ce9099bd51c604f3&offerListId=735616-B0DE5A96FFDBFEB8424AF8ACA83AF2EF&pos=4&price=37.95&productid=735616&sid=28942&type=offer
01-BU-LON-PS100,BURBERRY LONDON FOR WOMEN EDP-S 100ML,3614226905185.0,1000+,96.0,21.95,,,0.0,735616.0,cosmetify.com,£38.33 £383.30/L,https://www.idealo.co.uk/relocator/relocate?categoryId=3972&offerKey=f7788d09bb4b9151d59474dc9c2202b1&offerListId=735616-B0DE5A96FFDBFEB8424AF8ACA83AF2EF&pos=5&price=38.33&productid=735616&sid=329503&type=offer
01-BU-LON-PS100,BURBERRY LONDON FOR WOMEN EDP-S 100ML,3614226905185.0,1000+,96.0,21.95,,,0.0,735616.0,Amazon-marketplace.co.uk,£38.70 £387.00/L,https://www.idealo.co.uk/relocator/relocate?categoryId=3972&offerKey=439bd6c1ec0828ce1ed7113db60832b5&offerListId=735616-B0DE5A96FFDBFEB8424AF8ACA83AF2EF&pos=6&price=38.70&productid=735616&sid=22828&type=offer
01-BU-LON-PS100,BURBERRY LONDON FOR WOMEN EDP-S 100ML,3614226905185.0,1000+,96.0,21.95,,,0.0,735616.0,perfumedirect.com,£40.99 £409.90/L,https://www.idealo.co.uk/relocator/relocate?categoryId=3972&offerKey=6fe9b4225d1eebe66440681347483b9a&offerListId=735616-B0DE5A96FFDBFEB8424AF8ACA83AF2EF&pos=7&price=40.99&productid=735616&sid=318630&type=offer
01-BU-LON-PS100,BURBERRY LONDON FOR WOMEN EDP-S 100ML,3614226905185.0,1000+,96.0,21.95,,,0.0,735616.0,onbuy.com,£43.20 £432.00/L,https://www.idealo.co.uk/relocator/relocate?categoryId=3972&offerKey=c879d23019b34f15065d0d57b9cadd31&offerListId=735616-B0DE5A96FFDBFEB8424AF8ACA83AF2EF&pos=8&price=43.20&productid=735616&sid=316895&type=offer
01-BU-LON-PS100,BURBERRY LONDON FOR WOMEN EDP-S 100ML,3614226905185.0,1000+,96.0,21.95,,,0.0,735616.0,onbuy.com,£43.80 £438.00/L,https://www.idealo.co.uk/relocator/relocate?categoryId=3972&offerKey=4e6bdbfee4b2500718613574fd318138&offerListId=735616-B0DE5A96FFDBFEB8424AF8ACA83AF2EF&pos=9&price=43.80&productid=735616&sid=316895&type=offer
01-BU-LON-PS100,BURBERRY LONDON FOR WOMEN EDP-S 100ML,3614226905185.0,1000+,96.0,21.95,,,0.0,735616.0,Tjhughes.co.uk,£44.00 £440.00/L,https://www.idealo.co.uk/relocator/relocate?categoryId=3972&offerKey=fda2099814bfd2d48f2cd9ab951ff188&offerListId=735616-B0DE5A96FFDBFEB8424AF8ACA83AF2EF&pos=10&price=44.00&productid=735616&sid=28759&type=offer
01-BU-LON-PS100,BURBERRY LONDON FOR WOMEN EDP-S 100ML,3614226905185.0,1000+,96.0,21.95,,,0.0,735616.0,secretsales.com (UK),£47.52 £475.20/L,https://www.idealo.co.uk/relocator/relocate?categoryId=3972&offerKey=265896d4f723099ca2d1a288af004e80&offerListId=735616-B0DE5A96FFDBFEB8424AF8ACA83AF2EF&pos=11&price=47.52&productid=735616&sid=324015&type=offer
01-BU-LON-PS100,BURBERRY LONDON FOR WOMEN EDP-S 100ML,3614226905185.0,1000+,96.0,21.95,,,0.0,735616.0,beautybase.com(UK),£55.00 £550.00/L,https://www.idealo.co.uk/relocator/relocate?categoryId=3972&offerKey=03b4cc7313badb5c999e0244c1a837c9&offerListId=735616-B0DE5A96FFDBFEB8424AF8ACA83AF2EF&pos=12&price=55.00&productid=735616&sid=299115&type=offer
01-BU-LON-PS100,BURBERRY LONDON FOR WOMEN EDP-S 100ML,3614226905185.0,1000+,96.0,21.95,,,0.0,735616.0,my-origines.com(UK),£56.37 £563.70/L,https://www.idealo.co.uk/relocator/relocate?categoryId=3972&offerKey=bb5a91590e201acd8b2a6be04ae13aa8&offerListId=735616-B0DE5A96FFDBFEB8424AF8ACA83AF2EF&pos=13&price=56.37&productid=735616&sid=328503&type=offer
01-BU-LON-PS100,BURBERRY LONDON FOR WOMEN EDP-S 100ML,3614226905185.0,1000+,96.0,21.95,,,0.0,735616.0,Perfumeshopping.com(UK),£57.01 £570.10/L,https://www.idealo.co.uk/relocator/relocate?categoryId=3972&offerKey=bf6e5e3ae5228124b6b2735ff7ebcc8a&offerListId=735616-B0DE5A96FFDBFEB8424AF8ACA83AF2EF&pos=14&price=57.01&productid=735616&sid=282217&type=offer
01-BU-LON-PS100,BURBERRY LONDON FOR WOMEN EDP-S 100ML,3614226905185.0,1000+,96.0,21.95,,,0.0,735616.0,Boots.com (UK),£81.60 £816.00/L,https://www.idealo.co.uk/relocator/relocate?categoryId=3972&offerKey=7a50c95ac37ebbcbd5f9c75dfc380004&offerListId=735616-B0DE5A96FFDBFEB8424AF8ACA83AF2EF&pos=15&price=81.60&productid=735616&sid=27286&type=offer
01-BU-LON-PS100,BURBERRY LONDON FOR WOMEN EDP-S 100ML,3614226905185.0,1000+,96.0,21.95,,,0.0,735616.0,Luxplus.co.uk,£98.99 £989.90/L,https://www.idealo.co.uk/relocator/relocate?categoryId=3972&offerKey=35a6986344565136d828c9362949dc01&offerListId=735616-B0DE5A96FFDBFEB8424AF8ACA83AF2EF&pos=16&price=98.99&productid=735616&sid=322970&type=offer
01-BU-LON-PS30,BURBERRY LONDON WOMEN EDP-S 30ML,3614226905208.0,480,47.0,13.5,,,0.0,448062.0,,£16.56 £552.00/L,https://www.idealo.co.uk/relocator/relocate?categoryId=3972&offerKey=19d1467728862135cad1c05f2988de7d&offerListId=448062-D0FF052570980B817C7955E3BE2A0343&pos=1&price=16.56&productid=448062&sid=307734&type=offer
01-BU-LON-PS30,BURBERRY LONDON WOMEN EDP-S 30ML,3614226905208.0,480,47.0,13.5,,,0.0,448062.0,Perfumeshopping.com(UK),£23.96 £798.67/L,https://www.idealo.co.uk/relocator/relocate?categoryId=3972&offerKey=e3fad1140950abd5faf1695054888ff6&offerListId=448062-D0FF052570980B817C7955E3BE2A0343&pos=2&price=23.96&productid=448062&sid=282217&type=offer
01-BU-LON-PS30,BURBERRY LONDON WOMEN EDP-S 30ML,3614226905208.0,480,47.0,13.5,,,0.0,448062.0,cosmetify.com,£24.62 £820.67/L,https://www.idealo.co.uk/relocator/relocate?categoryId=3972&offerKey=c50597065190413e5de0237f59944a43&offerListId=448062-D0FF052570980B817C7955E3BE2A0343&pos=3&price=24.62&productid=448062&sid=329503&type=offer
01-BU-LON-PS30,BURBERRY LONDON WOMEN EDP-S 30ML,3614226905208.0,480,47.0,13.5,,,0.0,448062.0,ebay.co.uk,£27.75 £925.00/L,https://www.idealo.co.uk/relocator/relocate?categoryId=3972&offerKey=561b00f077b4b82a7eb3abc9ead06971&offerListId=448062-D0FF052570980B817C7955E3BE2A0343&pos=4&price=27.75&productid=448062&sid=22818&type=offer
01-BU-LON-PS30,BURBERRY LONDON WOMEN EDP-S 30ML,3614226905208.0,480,47.0,13.5,,,0.0,448062.0,onbuy.com,£28.72 £957.33/L,https://www.idealo.co.uk/relocator/relocate?categoryId=3972&offerKey=4f7272bd760b2a23a7900c117a7e964f&offerListId=448062-D0FF052570980B817C7955E3BE2A0343&pos=5&price=28.72&productid=448062&sid=316895&type=offer
01-BU-LON-PS30,BURBERRY LONDON WOMEN EDP-S 30ML,3614226905208.0,480,47.0,13.5,,,0.0,448062.0,onbuy.com,£28.72 £957.33/L,https://www.idealo.co.uk/relocator/relocate?categoryId=3972&offerKey=83a75a133dadc1b5518d88a5de653f40&offerListId=448062-D0FF052570980B817C7955E3BE2A0343&pos=6&price=28.72&productid=448062&sid=316895&type=offer
01-BU-LON-PS30,BURBERRY LONDON WOMEN EDP-S 30ML,3614226905208.0,480,47.0,13.5,,,0.0,448062.0,Amazon-marketplace.co.uk,£28.94 £964.67/L,https://www.idealo.co.uk/relocator/relocate?categoryId=3972&offerKey=238f5063a08a7f291eb2c02b9d266a6b&offerListId=448062-D0FF052570980B817C7955E3BE2A0343&pos=7&price=28.94&productid=448062&sid=22828&type=offer
01-BU-LON-PS30,BURBERRY LONDON WOMEN EDP-S 30ML,3614226905208.0,480,47.0,13.5,,,0.0,448062.0,Perfumeshopping.com(UK),£29.07 £969.00/L,https://www.idealo.co.uk/relocator/relocate?categoryId=3972&offerKey=5c650d7c5f741b5d862229248ef8ee8f&offerListId=448062-D0FF052570980B817C7955E3BE2A0343&pos=8&price=29.07&productid=448062&sid=282217&type=offer
01-BU-LON-PS50,BURBERRY LONDON FOR WOMEN EDP-S 50ML,3614226905192.0,1000+,70.0,17.95,,,0.0,587467.0,,£20.24 £404.80/L,https://www.idealo.co.uk/relocator/relocate?categoryId=3972&offerKey=98a55e5c5223d4c341764973ee4efdb5&offerListId=587467-D25ED5C21CC6ED688EDB47EC6CCC2243&pos=1&price=20.24&productid=587467&sid=307734&type=offer
01-BU-LON-PS50,BURBERRY LONDON FOR WOMEN EDP-S 50ML,3614226905192.0,1000+,70.0,17.95,,,0.0,587467.0,cosmetify.com,£26.99 £539.80/L,https://www.idealo.co.uk/relocator/relocate?categoryId=3972&offerKey=151c81e8d5451d15d17933db6bd7d34b&offerListId=587467-D25ED5C21CC6ED688EDB47EC6CCC2243&pos=2&price=26.99&productid=587467&sid=329503&type=offer
01-BU-LON-PS50,BURBERRY LONDON FOR WOMEN EDP-S 50ML,3614226905192.0,1000+,70.0,17.95,,,0.0,587467.0,cosmetify.com,£29.82 £596.40/L,https://www.idealo.co.uk/relocator/relocate?categoryId=3972&offerKey=6225568d5b068a659063ad3d5955059e&offerListId=587467-D25ED5C21CC6ED688EDB47EC6CCC2243&pos=3&price=29.82&productid=587467&sid=329503&type=offer
01-BU-LON-PS50,BURBERRY LONDON FOR WOMEN EDP-S 50ML,3614226905192.0,1000+,70.0,17.95,,,0.0,587467.0,perfumedirect.com,£31.99 £639.80/L,https://www.idealo.co.uk/relocator/relocate?categoryId=3972&offerKey=15ba80ed123fc1a14b3efc4da5651f58&offerListId=587467-D25ED5C21CC6ED688EDB47EC6CCC2243&pos=4&price=31.99&productid=587467&sid=318630&type=offer
01-BU-LON-PS50,BURBERRY LONDON FOR WOMEN EDP-S 50ML,3614226905192.0,1000+,70.0,17.95,,,0.0,587467.0,Amazon-marketplace.co.uk,£33.95 £679.00/L,https://www.idealo.co.uk/relocator/relocate?categoryId=3972&offerKey=fcc93692cc8a05a0be2f7ad1fd3fd538&offerListId=587467-D25ED5C21CC6ED688EDB47EC6CCC2243&pos=5&price=33.95&productid=587467&sid=22828&type=offer
01-BU-LON-PS50,BURBERRY LONDON FOR WOMEN EDP-S 50ML,3614226905192.0,1000+,70.0,17.95,,,0.0,587467.0,onbuy.com,£34.54 £690.80/L,https://www.idealo.co.uk/relocator/relocate?categoryId=3972&offerKey=80ab7c4b9acead28ffc9f90610977563&offerListId=587467-D25ED5C21CC6ED688EDB47EC6CCC2243&pos=6&price=34.54&productid=587467&sid=316895&type=offer
01-BU-LON-PS50,BURBERRY LONDON FOR WOMEN EDP-S 50ML,3614226905192.0,1000+,70.0,17.95,,,0.0,587467.0,onbuy.com,£37.15 £743.00/L,https://www.idealo.co.uk/relocator/relocate?categoryId=3972&offerKey=086bb7d61ad63ca069cada47fbdb714e&offerListId=587467-D25ED5C21CC6ED688EDB47EC6CCC2243&pos=7&price=37.15&productid=587467&sid=316895&type=offer
01-BU-LON-PS50,BURBERRY LONDON FOR WOMEN EDP-S 50ML,3614226905192.0,1000+,70.0,17.95,,,0.0,587467.0,Perfumeshopping.com(UK),£38.29 £765.80/L,https://www.idealo.co.uk/relocator/relocate?categoryId=3972&offerKey=5a1f54d9f4ba7864d9a971bcc2bd1764&offerListId=587467-D25ED5C21CC6ED688EDB47EC6CCC2243&pos=8&price=38.29&productid=587467&sid=282217&type=offer
01-BU-LON-PS50,BURBERRY LONDON FOR WOMEN EDP-S 50ML,3614226905192.0,1000+,70.0,17.95,,,0.0,587467.0,ebay.co.uk,£39.54 £790.80/L,https://www.idealo.co.uk/relocator/relocate?categoryId=3972&offerKey=a5305e6310d7fe4917ffe2fa116791d9&offerListId=587467-D25ED5C21CC6ED688EDB47EC6CCC2243&pos=9&price=39.54&productid=587467&sid=22818&type=offer
01-BU-LON-PS50,BURBERRY LONDON FOR WOMEN EDP-S 50ML,3614226905192.0,1000+,70.0,17.95,,,0.0,587467.0,my-origines.com(UK),£40.45 £809.00/L,https://www.idealo.co.uk/relocator/relocate?categoryId=3972&offerKey=f9a4e6679980127751f3bf549ff12f4d&offerListId=587467-D25ED5C21CC6ED688EDB47EC6CCC2243&pos=10&price=40.45&productid=587467&sid=328503&type=offer
01-BU-LON-PS50,BURBERRY LONDON FOR WOMEN EDP-S 50ML,3614226905192.0,1000+,70.0,17.95,,,0.0,587467.0,beautybase.com(UK),£45.00 £900.00/L,https://www.idealo.co.uk/relocator/relocate?categoryId=3972&offerKey=f5b37fe5abe46fb9184ebd52e2933cc7&offerListId=587467-D25ED5C21CC6ED688EDB47EC6CCC2243&pos=11&price=45.00&productid=587467&sid=299115&type=offer
01-BU-LON-PS50,BURBERRY LONDON FOR WOMEN EDP-S 50ML,3614226905192.0,1000+,70.0,17.95,,,0.0,587467.0,onbuy.com,£46.02 £920.40/L,https://www.idealo.co.uk/relocator/relocate?categoryId=3972&offerKey=87b1994337229b59c1bd274da6317026&offerListId=587467-D25ED5C21CC6ED688EDB47EC6CCC2243&pos=12&price=46.02&productid=587467&sid=316895&type=offer
01-BU-WKND-PS30,BURBERRY WEEKEND EDP-S 30ML,3614227748361.0,1000+,55.0,12.95,,,0.0,6982182.0,,£16.56 £552.00/L,https://www.idealo.co.uk/relocator/relocate?categoryId=3972&offerKey=a7f3e89491e55ad78741f8841dd3817f&offerListId=6982182-D23481610AA3E30656B74C01B6C15435&pos=1&price=16.56&productid=6982182&sid=307734&type=offer
01-BU-WKND-PS30,BURBERRY WEEKEND EDP-S 30ML,3614227748361.0,1000+,55.0,12.95,,,0.0,6982182.0,Clearchemist.co.uk,£18.20 £606.67/L,https://www.idealo.co.uk/relocator/relocate?categoryId=3972&offerKey=270acd559c5df1dbc0a6de7167e419f1&offerListId=6982182-D23481610AA3E30656B74C01B6C15435&pos=2&price=18.20&productid=6982182&sid=289670&type=offer
01-BU-WKND-PS30,BURBERRY WEEKEND EDP-S 30ML,3614227748361.0,1000+,55.0,12.95,,,0.0,6982182.0,onbuy.com,£20.90 £696.67/L,https://www.idealo.co.uk/relocator/relocate?categoryId=3972&offerKey=da4663208516239a8db4a33f1cd9f1d8&offerListId=6982182-D23481610AA3E30656B74C01B6C15435&pos=3&price=20.90&productid=6982182&sid=316895&type=offer
01-BU-WKND-PS30,BURBERRY WEEKEND EDP-S 30ML,3614227748361.0,1000+,55.0,12.95,,,0.0,6982182.0,cosmetify.com,£21.82 £727.33/L,https://www.idealo.co.uk/relocator/relocate?categoryId=3972&offerKey=e58cd5f854156ff35f81eaa295cf1c9d&offerListId=6982182-D23481610AA3E30656B74C01B6C15435&pos=4&price=21.82&productid=6982182&sid=329503&type=offer
01-BU-WKND-PS30,BURBERRY WEEKEND EDP-S 30ML,3614227748361.0,1000+,55.0,12.95,,,0.0,6982182.0,ebay.co.uk,£23.40 £780.00/L,https://www.idealo.co.uk/relocator/relocate?categoryId=3972&offerKey=fe55b01d911d947b651fc1a15e4a8b01&offerListId=6982182-D23481610AA3E30656B74C01B6C15435&pos=5&price=23.40&productid=6982182&sid=22818&type=offer
01-BU-WKND-PS30,BURBERRY WEEKEND EDP-S 30ML,3614227748361.0,1000+,55.0,12.95,,,0.0,6982182.0,secretsales.com (UK),£24.75 £825.00/L,https://www.idealo.co.uk/relocator/relocate?categoryId=3972&offerKey=790cef3855903bb53c019cbd0dcaa9fb&offerListId=6982182-D23481610AA3E30656B74C01B6C15435&pos=6&price=24.75&productid=6982182&sid=324015&type=offer
01-BU-WKND-PS30,BURBERRY WEEKEND EDP-S 30ML,3614227748361.0,1000+,55.0,12.95,,,0.0,6982182.0,my-origines.com(UK),£25.67 £855.67/L,https://www.idealo.co.uk/relocator/relocate?categoryId=3972&offerKey=76a0ac8ea7fcb3b8271ae112740f5b0f&offerListId=6982182-D23481610AA3E30656B74C01B6C15435&pos=7&price=25.67&productid=6982182&sid=328503&type=offer
01-BU-WKND-PS30,BURBERRY WEEKEND EDP-S 30ML,3614227748361.0,1000+,55.0,12.95,,,0.0,6982182.0,Perfumeshopping.com(UK),£29.07 £969.00/L,https://www.idealo.co.uk/relocator/relocate?categoryId=3972&offerKey=250cffd9910d876b0365762094fba368&offerListId=6982182-D23481610AA3E30656B74C01B6C15435&pos=8&price=29.07&productid=6982182&sid=282217&type=offer
01-BU-WKND-PS50,BURBERRY WEEKEND EDP-S 50ML,3614227748323.0,825,62.0,13.95,,,0.0,598409.0,bodycareonline.co.uk,£21.99 £439.80/L,https://www.idealo.co.uk/relocator/relocate?categoryId=3972&offerKey=d2e509945f4ccf3390bcb6976079980a&offerListId=598409-B6F36CD422104E76A4F3BBB6C07DA0C4&pos=1&price=21.99&productid=598409&sid=332851&type=offer
01-BU-WKND-PS50,BURBERRY WEEKEND EDP-S 50ML,3614227748323.0,825,62.0,13.95,,,0.0,598409.0,cosmetify.com,£22.37 £447.40/L,https://www.idealo.co.uk/relocator/relocate?categoryId=3972&offerKey=42ab2a278cbbd5bfeb10505b4a2ba57b&offerListId=598409-B6F36CD422104E76A4F3BBB6C07DA0C4&pos=2&price=22.37&productid=598409&sid=329503&type=offer
01-BU-WKND-PS50,BURBERRY WEEKEND EDP-S 50ML,3614227748323.0,825,62.0,13.95,,,0.0,598409.0,,£24.56 £491.20/L,https://www.idealo.co.uk/relocator/relocate?categoryId=3972&offerKey=eaf8632ff585c71e16ab0889ec4130ac&offerListId=598409-B6F36CD422104E76A4F3BBB6C07DA0C4&pos=3&price=24.56&productid=598409&sid=307734&type=offer
01-BU-WKND-PS50,BURBERRY WEEKEND EDP-S 50ML,3614227748323.0,825,62.0,13.95,,,0.0,598409.0,ebay.co.uk,£24.99 £499.80/L,https://www.idealo.co.uk/relocator/relocate?categoryId=3972&offerKey=792a5fb17f0223d56c81d76e1173ffb7&offerListId=598409-B6F36CD422104E76A4F3BBB6C07DA0C4&pos=4&price=24.99&productid=598409&sid=22818&type=offer
01-BU-WKND-PS50,BURBERRY WEEKEND EDP-S 50ML,3614227748323.0,825,62.0,13.95,,,0.0,598409.0,onbuy.com,£25.95 £519.00/L,https://www.idealo.co.uk/relocator/relocate?categoryId=3972&offerKey=bd424c400c372de65575314dda3d0220&offerListId=598409-B6F36CD422104E76A4F3BBB6C07DA0C4&pos=5&price=25.95&productid=598409&sid=316895&type=offer
01-BU-WKND-PS50,BURBERRY WEEKEND EDP-S 50ML,3614227748323.0,825,62.0,13.95,,,0.0,598409.0,perfumedirect.com,£25.99 £519.80/L,https://www.idealo.co.uk/relocator/relocate?categoryId=3972&offerKey=23fb977228f647a1d7ce50614e0975ad&offerListId=598409-B6F36CD422104E76A4F3BBB6C07DA0C4&pos=6&price=25.99&productid=598409&sid=318630&type=offer
01-BU-WKND-PS50,BURBERRY WEEKEND EDP-S 50ML,3614227748323.0,825,62.0,13.95,,,0.0,598409.0,allbeauty.com(UK),£26.90 £538.00/L,https://www.idealo.co.uk/relocator/relocate?categoryId=3972&offerKey=39702fc127802e127e757ca8559f17ab&offerListId=598409-B6F36CD422104E76A4F3BBB6C07DA0C4&pos=7&price=26.90&productid=598409&sid=28942&type=offer
01-BU-WKND-PS50,BURBERRY WEEKEND EDP-S 50ML,3614227748323.0,825,62.0,13.95,,,0.0,598409.0,beautybase.com(UK),£27.50 £550.00/L,https://www.idealo.co.uk/relocator/relocate?categoryId=3972&offerKey=f5a85f1091a72a316e0e0dbbbb41dbb4&offerListId=598409-B6F36CD422104E76A4F3BBB6C07DA0C4&pos=8&price=27.50&productid=598409&sid=299115&type=offer
01-BU-WKND-PS50,BURBERRY WEEKEND EDP-S 50ML,3614227748323.0,825,62.0,13.95,,,0.0,598409.0,Perfumeshopping.com(UK),£29.96 £599.20/L,https://www.idealo.co.uk/relocator/relocate?categoryId=3972&offerKey=559fd1e61576037cf1ef8e0e7f583d2b&offerListId=598409-B6F36CD422104E76A4F3BBB6C07DA0C4&pos=9&price=29.96&productid=598409&sid=282217&type=offer
01-BU-WKND-PS50,BURBERRY WEEKEND EDP-S 50ML,3614227748323.0,825,62.0,13.95,,,0.0,598409.0,Tjhughes.co.uk,£31.00 £620.00/L,https://www.idealo.co.uk/relocator/relocate?categoryId=3972&offerKey=091489810302c0c97a1dcb243bf9329f&offerListId=598409-B6F36CD422104E76A4F3BBB6C07DA0C4&pos=10&price=31.00&productid=598409&sid=28759&type=offer
01-BU-WKND-PS50,BURBERRY WEEKEND EDP-S 50ML,3614227748323.0,825,62.0,13.95,,,0.0,598409.0,my-origines.com(UK),£33.97 £679.40/L,https://www.idealo.co.uk/relocator/relocate?categoryId=3972&offerKey=3542b4f57e4632563ea5ab96996df1b3&offerListId=598409-B6F36CD422104E76A4F3BBB6C07DA0C4&pos=11&price=33.97&productid=598409&sid=328503&type=offer
01-BU-WKND-PS50,BURBERRY WEEKEND EDP-S 50ML,3614227748323.0,825,62.0,13.95,,,0.0,598409.0,cazaar.co.uk,£48.38 £967.60/L,https://www.idealo.co.uk/relocator/relocate?categoryId=3972&offerKey=20b009a8ebac638c28288f0f05d9d26a&offerListId=598409-B6F36CD422104E76A4F3BBB6C07DA0C4&pos=12&price=48.38&productid=598409&sid=331015&type=offer
01-BU-WOM-PS100,BURBERRY ORIGINAL WOMEN EDP-S 100ML,3614226905666.0,325,96.0,22.95,,,0.0,201430704.0,,£24.48 £244.80/L,https://www.idealo.co.uk/relocator/relocate?categoryId=3972&offerKey=8bf42280a5ca84760b86751e81313f2b&offerListId=201430704-8CB399751E1B99209442AA5145CE9A6E&pos=1&price=24.48&productid=201430704&sid=307734&type=offer
01-BU-WOM-PS100,BURBERRY ORIGINAL WOMEN EDP-S 100ML,3614226905666.0,325,96.0,22.95,,,0.0,201430704.0,Clearchemist.co.uk,£33.26 £332.60/L,https://www.idealo.co.uk/relocator/relocate?categoryId=3972&offerKey=4f56b967da9e9228ba890e3935ad7e31&offerListId=201430704-8CB399751E1B99209442AA5145CE9A6E&pos=2&price=33.26&productid=201430704&sid=289670&type=offer
01-BU-WOM-PS100,BURBERRY ORIGINAL WOMEN EDP-S 100ML,3614226905666.0,325,96.0,22.95,,,0.0,201430704.0,ebay.co.uk,£34.40 £344.00/L,https://www.idealo.co.uk/relocator/relocate?categoryId=3972&offerKey=3e4df3d51e9cf4e7fbc4974c1eaa612f&offerListId=201430704-8CB399751E1B99209442AA5145CE9A6E&pos=3&price=34.40&productid=201430704&sid=22818&type=offer
01-BU-WOM-PS100,BURBERRY ORIGINAL WOMEN EDP-S 100ML,3614226905666.0,325,96.0,22.95,,,0.0,201430704.0,perfumeprice.co.uk,£34.95 £349.50/L,https://www.idealo.co.uk/relocator/relocate?categoryId=3972&offerKey=d57339234051703834ef7f0e5e20efe0&offerListId=201430704-8CB399751E1B99209442AA5145CE9A6E&pos=4&price=34.95&productid=201430704&sid=321700&type=offer
01-BU-WOM-PS100,BURBERRY ORIGINAL WOMEN EDP-S 100ML,3614226905666.0,325,96.0,22.95,,,0.0,201430704.0,cosmetify.com,£35.99 £359.90/L,https://www.idealo.co.uk/relocator/relocate?categoryId=3972&offerKey=af8f1b777a4188664455713afa034263&offerListId=201430704-8CB399751E1B99209442AA5145CE9A6E&pos=5&price=35.99&productid=201430704&sid=329503&type=offer
01-BU-WOM-PS100,BURBERRY ORIGINAL WOMEN EDP-S 100ML,3614226905666.0,325,96.0,22.95,,,0.0,201430704.0,perfumedirect.com,£35.99 £359.90/L,https://www.idealo.co.uk/relocator/relocate?categoryId=3972&offerKey=3b3bee088a7e22c9a8d4678d8718f42e&offerListId=201430704-8CB399751E1B99209442AA5145CE9A6E&pos=6&price=35.99&productid=201430704&sid=318630&type=offer
01-BU-WOM-PS100,BURBERRY ORIGINAL WOMEN EDP-S 100ML,3614226905666.0,325,96.0,22.95,,,0.0,201430704.0,onbuy.com,£37.98 £379.80/L,https://www.idealo.co.uk/relocator/relocate?categoryId=3972&offerKey=34e26a161224f06c8bcda61ac526f075&offerListId=201430704-8CB399751E1B99209442AA5145CE9A6E&pos=7&price=37.98&productid=201430704&sid=316895&type=offer
01-BU-WOM-PS100,BURBERRY ORIGINAL WOMEN EDP-S 100ML,3614226905666.0,325,96.0,22.95,,,0.0,201430704.0,Dressinn.com (UK),£38.99 £389.90/L,https://www.idealo.co.uk/relocator/relocate?categoryId=3972&offerKey=f32dc02350416e444049c7eccfa28da1&offerListId=201430704-8CB399751E1B99209442AA5145CE9A6E&pos=8&price=38.99&productid=201430704&sid=318629&type=offer
01-BU-WOM-PS100,BURBERRY ORIGINAL WOMEN EDP-S 100ML,3614226905666.0,325,96.0,22.95,,,0.0,201430704.0,allbeauty.com(UK),£39.95 £399.50/L,https://www.idealo.co.uk/relocator/relocate?categoryId=3972&offerKey=9d7324c2b4f366110e061afbb2a3b1c4&offerListId=201430704-8CB399751E1B99209442AA5145CE9A6E&pos=9&price=39.95&productid=201430704&sid=28942&type=offer
01-BU-WOM-PS100,BURBERRY ORIGINAL WOMEN EDP-S 100ML,3614226905666.0,325,96.0,22.95,,,0.0,201430704.0,secretsales.com (UK),£39.96 £399.60/L,https://www.idealo.co.uk/relocator/relocate?categoryId=3972&offerKey=962d26347fc8a68c11974a09c7fe5e9b&offerListId=201430704-8CB399751E1B99209442AA5145CE9A6E&pos=10&price=39.96&productid=201430704&sid=324015&type=offer
01-BU-WOM-PS100,BURBERRY ORIGINAL WOMEN EDP-S 100ML,3614226905666.0,325,96.0,22.95,,,0.0,201430704.0,Amazon-marketplace.co.uk,£39.99 £399.90/L,https://www.idealo.co.uk/relocator/relocate?categoryId=3972&offerKey=156602fe8a797a307d6109a0ec81acec&offerListId=201430704-8CB399751E1B99209442AA5145CE9A6E&pos=11&price=39.99&productid=201430704&sid=22828&type=offer
01-BU-WOM-PS100,BURBERRY ORIGINAL WOMEN EDP-S 100ML,3614226905666.0,325,96.0,22.95,,,0.0,201430704.0,Directcosmetics.com(UK),£42.75 £427.50/L,https://www.idealo.co.uk/relocator/relocate?categoryId=3972&offerKey=3e9bd27e58053b63ec5140da1b7181bb&offerListId=201430704-8CB399751E1B99209442AA5145CE9A6E&pos=12&price=42.75&productid=201430704&sid=24317&type=offer
01-BU-WOM-PS100,BURBERRY ORIGINAL WOMEN EDP-S 100ML,3614226905666.0,325,96.0,22.95,,,0.0,201430704.0,my-origines.com(UK),£43.51 £435.10/L,https://www.idealo.co.uk/relocator/relocate?categoryId=3972&offerKey=f6e4b332a4953d2b257d08debb38da36&offerListId=201430704-8CB399751E1B99209442AA5145CE9A6E&pos=13&price=43.51&productid=201430704&sid=328503&type=offer
01-BU-WOM-PS100,BURBERRY ORIGINAL WOMEN EDP-S 100ML,3614226905666.0,325,96.0,22.95,,,0.0,201430704.0,Perfumeshopping.com(UK),£46.47 £464.70/L,https://www.idealo.co.uk/relocator/relocate?categoryId=3972&offerKey=01f27b1daf979eea22156d4b8db50368&offerListId=201430704-8CB399751E1B99209442AA5145CE9A6E&pos=14&price=46.47&productid=201430704&sid=282217&type=offer
01-BU-WOM-PS100,BURBERRY ORIGINAL WOMEN EDP-S 100ML,3614226905666.0,325,96.0,22.95,,,0.0,201430704.0,beautybase.com(UK),£49.95 £499.50/L,https://www.idealo.co.uk/relocator/relocate?categoryId=3972&offerKey=222d5e8f88ab29bfec8119a464ae4e24&offerListId=201430704-8CB399751E1B99209442AA5145CE9A6E&pos=15&price=49.95&productid=201430704&sid=299115&type=offer
01-BU-WOM-PS100,BURBERRY ORIGINAL WOMEN EDP-S 100ML,3614226905666.0,325,96.0,22.95,,,0.0,201430704.0,onbuy.com,£52.24 £522.40/L,https://www.idealo.co.uk/relocator/relocate?categoryId=3972&offerKey=11c36ddfb55506b05a35fe42ac89b0d9&offerListId=201430704-8CB399751E1B99209442AA5145CE9A6E&pos=16&price=52.24&productid=201430704&sid=316895&type=offer
01-BU-WOM-PS100,BURBERRY ORIGINAL WOMEN EDP-S 100ML,3614226905666.0,325,96.0,22.95,,,0.0,201430704.0,Fragrancedirect.co.uk,£64.99 £649.90/L,https://www.idealo.co.uk/relocator/relocate?categoryId=3972&offerKey=f0e3e0d5ae20f5be837b4219a0f72d04&offerListId=201430704-8CB399751E1B99209442AA5145CE9A6E&pos=17&price=64.99&productid=201430704&sid=21971&type=offer
01-BU-WOM-PS100,BURBERRY ORIGINAL WOMEN EDP-S 100ML,3614226905666.0,325,96.0,22.95,,,0.0,201430704.0,cazaar.co.uk,£73.10 £731.00/L,https://www.idealo.co.uk/relocator/relocate?categoryId=3972&offerKey=f0c2c0d2e04af8dc71378b4447482e71&offerListId=201430704-8CB399751E1B99209442AA5145CE9A6E&pos=18&price=73.10&productid=201430704&sid=331015&type=offer
01-BU-WOM-PS100,BURBERRY ORIGINAL WOMEN EDP-S 100ML,3614226905666.0,325,96.0,22.95,,,0.0,201430704.0,freemans.com (UK),£77.00 £770.00/L,https://www.idealo.co.uk/relocator/relocate?categoryId=3972&offerKey=99a95335dc0693ce04101bacede3a3b0&offerListId=201430704-8CB399751E1B99209442AA5145CE9A6E&pos=19&price=77.00&productid=201430704&sid=320471&type=offer
01-BU-WOM-PS100,BURBERRY ORIGINAL WOMEN EDP-S 100ML,3614226905666.0,325,96.0,22.95,,,0.0,201430704.0,Pharmacy2u.co.uk,£77.00 £770.00/L,https://www.idealo.co.uk/relocator/relocate?categoryId=3972&offerKey=49f45979544d1add93ccff1c05a86d17&offerListId=201430704-8CB399751E1B99209442AA5145CE9A6E&pos=20&price=77.00&productid=201430704&sid=25468&type=offer
01-BYR-GW-HP75,BYREDO GYPSY WATER HAIR PERFUME 75ML,7340032860696.0,33,60.0,31.95,,,0.0,5567240.0,Perfumeclick.co.uk,£49.45 £659.33/L,https://www.idealo.co.uk/relocator/relocate?categoryId=16252&offerKey=3e4e652d0490c2b81db7a8201587c5ba&offerListId=5567240-BD73F2ADA852FBE2973C9CCD4957FF8C&pos=1&price=49.45&productid=5567240&sid=69736&type=offer
01-BYR-GW-HP75,BYREDO GYPSY WATER HAIR PERFUME 75ML,7340032860696.0,33,60.0,31.95,,,0.0,5567240.0,cosmetify.com,£51.92 £692.27/L,https://www.idealo.co.uk/relocator/relocate?categoryId=16252&offerKey=85bcaac42228e43d99d6bd0738a3780d&offerListId=5567240-BD73F2ADA852FBE2973C9CCD4957FF8C&pos=2&price=51.92&productid=5567240&sid=329503&type=offer
01-BYR-GW-HP75,BYREDO GYPSY WATER HAIR PERFUME 75ML,7340032860696.0,33,60.0,31.95,,,0.0,5567240.0,my-origines.com(UK),£53.92 £718.93/L,https://www.idealo.co.uk/relocator/relocate?categoryId=16252&offerKey=1d6e69413e5d84524599c1a1b006bab5&offerListId=5567240-BD73F2ADA852FBE2973C9CCD4957FF8C&pos=3&price=53.92&productid=5567240&sid=328503&type=offer
01-BYR-GW-HP75,BYREDO GYPSY WATER HAIR PERFUME 75ML,7340032860696.0,33,60.0,31.95,,,0.0,5567240.0,ebay.co.uk,£57.47 £766.27/L,https://www.idealo.co.uk/relocator/relocate?categoryId=16252&offerKey=6fabc6b857c39a18044bcee5f8739624&offerListId=5567240-BD73F2ADA852FBE2973C9CCD4957FF8C&pos=4&price=57.47&productid=5567240&sid=22818&type=offer
01-BYR-GW-HP75,BYREDO GYPSY WATER HAIR PERFUME 75ML,7340032860696.0,33,60.0,31.95,,,0.0,5567240.0,cultbeauty.co.uk,£60.00 £800.00/L,https://www.idealo.co.uk/relocator/relocate?categoryId=16252&offerKey=d35d14cbc31fab213d4ba8abb0d0d2dc&offerListId=5567240-BD73F2ADA852FBE2973C9CCD4957FF8C&pos=5&price=60.00&productid=5567240&sid=329110&type=offer
01-BYR-GW-HP75,BYREDO GYPSY WATER HAIR PERFUME 75ML,7340032860696.0,33,60.0,31.95,,,0.0,5567240.0,unineed.com,£61.99 £826.53/L,https://www.idealo.co.uk/relocator/relocate?categoryId=16252&offerKey=d95af961d3ea9af5e120b87e591c6757&offerListId=5567240-BD73F2ADA852FBE2973C9CCD4957FF8C&pos=6&price=61.99&productid=5567240&sid=314440&type=offer
01-BYR-GW-HP75,BYREDO GYPSY WATER HAIR PERFUME 75ML,7340032860696.0,33,60.0,31.95,,,0.0,5567240.0,Amazon-marketplace.co.uk,£62.95 £839.33/L,https://www.idealo.co.uk/relocator/relocate?categoryId=16252&offerKey=8a229cebe412eede83b4e75da1273c20&offerListId=5567240-BD73F2ADA852FBE2973C9CCD4957FF8C&pos=7&price=62.95&productid=5567240&sid=22828&type=offer
01-BYR-GW-HP75,BYREDO GYPSY WATER HAIR PERFUME 75ML,7340032860696.0,33,60.0,31.95,,,0.0,5567240.0,niche-beauty.com/en-gb,£65.00 £866.67/L,https://www.idealo.co.uk/relocator/relocate?categoryId=16252&offerKey=6eba56b5b91f31e17d0e0ca849672053&offerListId=5567240-BD73F2ADA852FBE2973C9CCD4957FF8C&pos=8&price=65.00&productid=5567240&sid=329981&type=offer
01-CA-AMO-TS30,CACHAREL AMOR AMOR EDT-S 30ML,3360373063697.0,1000+,39.0,9.95,,,0.0,334960.0,cosmetify.com,£12.95 £431.67/L,https://www.idealo.co.uk/relocator/relocate?categoryId=3972&offerKey=5462f315a1954e389c864c651a4f49c5&offerListId=334960-F82028C937CB5F11B8A9FB2E91268033&pos=1&price=12.95&productid=334960&sid=329503&type=offer
01-CA-AMO-TS30,CACHAREL AMOR AMOR EDT-S 30ML,3360373063697.0,1000+,39.0,9.95,,,0.0,334960.0,Clearchemist.co.uk,£13.42 £447.33/L,https://www.idealo.co.uk/relocator/relocate?categoryId=3972&offerKey=1182f314303c78af11546cb6f2792848&offerListId=334960-F82028C937CB5F11B8A9FB2E91268033&pos=2&price=13.42&productid=334960&sid=289670&type=offer
01-CA-AMO-TS30,CACHAREL AMOR AMOR EDT-S 30ML,3360373063697.0,1000+,39.0,9.95,,,0.0,334960.0,Perfumeclick.co.uk,£14.30 £476.67/L,https://www.idealo.co.uk/relocator/relocate?categoryId=3972&offerKey=cc757c83d1b58ff46e828416101a9131&offerListId=334960-F82028C937CB5F11B8A9FB2E91268033&pos=3&price=14.30&productid=334960&sid=69736&type=offer
01-CA-AMO-TS30,CACHAREL AMOR AMOR EDT-S 30ML,3360373063697.0,1000+,39.0,9.95,,,0.0,334960.0,Pharmacy2u.co.uk,£15.60 £520.00/L,https://www.idealo.co.uk/relocator/relocate?categoryId=3972&offerKey=f94ba5acbc53036dc9f415fadf5a1ee7&offerListId=334960-F82028C937CB5F11B8A9FB2E91268033&pos=4&price=15.60&productid=334960&sid=25468&type=offer
01-CA-AMO-TS30,CACHAREL AMOR AMOR EDT-S 30ML,3360373063697.0,1000+,39.0,9.95,,,0.0,334960.0,bodycareonline.co.uk,£16.29 £543.00/L,https://www.idealo.co.uk/relocator/relocate?categoryId=3972&offerKey=b71e412bfa80d696e3a20cce71358508&offerListId=334960-F82028C937CB5F11B8A9FB2E91268033&pos=5&price=16.29&productid=334960&sid=332851&type=offer
01-CA-AMO-TS30,CACHAREL AMOR AMOR EDT-S 30ML,3360373063697.0,1000+,39.0,9.95,,,0.0,334960.0,onbuy.com,£16.43 £547.67/L,https://www.idealo.co.uk/relocator/relocate?categoryId=3972&offerKey=5fc325bc28819fddb078f410b89215d3&offerListId=334960-F82028C937CB5F11B8A9FB2E91268033&pos=6&price=16.43&productid=334960&sid=316895&type=offer
01-CA-AMO-TS30,CACHAREL AMOR AMOR EDT-S 30ML,3360373063697.0,1000+,39.0,9.95,,,0.0,334960.0,Scentsationalperfumes.com,£16.50 £550.00/L,https://www.idealo.co.uk/relocator/relocate?categoryId=3972&offerKey=92e36e891b3d56044d0d7a3d3630aa87&offerListId=334960-F82028C937CB5F11B8A9FB2E91268033&pos=7&price=16.50&productid=334960&sid=282041&type=offer
01-CA-AMO-TS30,CACHAREL AMOR AMOR EDT-S 30ML,3360373063697.0,1000+,39.0,9.95,,,0.0,334960.0,ebay.co.uk,£16.98 £566.00/L,https://www.idealo.co.uk/relocator/relocate?categoryId=3972&offerKey=067b8caa0818aa4982dd2ea686bcedd2&offerListId=334960-F82028C937CB5F11B8A9FB2E91268033&pos=8&price=16.98&productid=334960&sid=22818&type=offer
01-CA-AMO-TS30,CACHAREL AMOR AMOR EDT-S 30ML,3360373063697.0,1000+,39.0,9.95,,,0.0,334960.0,debenhams.com,£17.50 £583.33/L,https://www.idealo.co.uk/relocator/relocate?categoryId=3972&offerKey=e30bbbcc06e37ef90208b2c7c6293d43&offerListId=334960-F82028C937CB5F11B8A9FB2E91268033&pos=9&price=17.50&productid=334960&sid=324109&type=offer
01-CA-AMO-TS30,CACHAREL AMOR AMOR EDT-S 30ML,3360373063697.0,1000+,39.0,9.95,,,0.0,334960.0,perfumedirect.com,£17.99 £599.67/L,https://www.idealo.co.uk/relocator/relocate?categoryId=3972&offerKey=384f5fba4dd0ae4dcbd3f6d8276f46d8&offerListId=334960-F82028C937CB5F11B8A9FB2E91268033&pos=10&price=17.99&productid=334960&sid=318630&type=offer
01-CA-AMO-TS30,CACHAREL AMOR AMOR EDT-S 30ML,3360373063697.0,1000+,39.0,9.95,,,0.0,334960.0,Lifeandlooks.com,£18.00 £600.00/L,https://www.idealo.co.uk/relocator/relocate?categoryId=3972&offerKey=ec45ad65e41aacdbb2e2a1125c4b1351&offerListId=334960-F82028C937CB5F11B8A9FB2E91268033&pos=11&price=18.00&productid=334960&sid=28305&type=offer
01-CA-AMO-TS30,CACHAREL AMOR AMOR EDT-S 30ML,3360373063697.0,1000+,39.0,9.95,,,0.0,334960.0,Dressinn.com (UK),£18.49 £616.33/L,https://www.idealo.co.uk/relocator/relocate?categoryId=3972&offerKey=9968a7d8b63d6ac1d38c134ba015542b&offerListId=334960-F82028C937CB5F11B8A9FB2E91268033&pos=12&price=18.49&productid=334960&sid=318629&type=offer
01-CA-AMO-TS30,CACHAREL AMOR AMOR EDT-S 30ML,3360373063697.0,1000+,39.0,9.95,,,0.0,334960.0,secretsales.com (UK),£19.67 £655.67/L,https://www.idealo.co.uk/relocator/relocate?categoryId=3972&offerKey=1b47a261b18787b4587fe1992a6bf36c&offerListId=334960-F82028C937CB5F11B8A9FB2E91268033&pos=13&price=19.67&productid=334960&sid=324015&type=offer
01-CA-AMO-TS30,CACHAREL AMOR AMOR EDT-S 30ML,3360373063697.0,1000+,39.0,9.95,,,0.0,334960.0,parfumdreams.co.uk,£20.50 £683.33/L,https://www.idealo.co.uk/relocator/relocate?categoryId=3972&offerKey=e2f4265412b1f5f1ae827c62faf41ed7&offerListId=334960-F82028C937CB5F11B8A9FB2E91268033&pos=14&price=20.50&productid=334960&sid=316458&type=offer
01-CA-AMO-TS30,CACHAREL AMOR AMOR EDT-S 30ML,3360373063697.0,1000+,39.0,9.95,,,0.0,334960.0,Expresschemist.co.uk,£22.95 £765.00/L,https://www.idealo.co.uk/relocator/relocate?categoryId=3972&offerKey=ee4c2265fe0bd42c32fd1b091e8d9dd6&offerListId=334960-F82028C937CB5F11B8A9FB2E91268033&pos=15&price=22.95&productid=334960&sid=22167&type=offer
01-CA-AMO-TS30,CACHAREL AMOR AMOR EDT-S 30ML,3360373063697.0,1000+,39.0,9.95,,,0.0,334960.0,beautybase.com(UK),£22.95 £765.00/L,https://www.idealo.co.uk/relocator/relocate?categoryId=3972&offerKey=abad52b297656d13c92430d627b6669e&offerListId=334960-F82028C937CB5F11B8A9FB2E91268033&pos=16&price=22.95&productid=334960&sid=299115&type=offer
01-CA-AMO-TS30,CACHAREL AMOR AMOR EDT-S 30ML,3360373063697.0,1000+,39.0,9.95,,,0.0,334960.0,gorgeousshop.com (UK),£24.99 £833.00/L,https://www.idealo.co.uk/relocator/relocate?categoryId=3972&offerKey=4afb96bfc76eafee6397752ca274b1e9&offerListId=334960-F82028C937CB5F11B8A9FB2E91268033&pos=17&price=24.99&productid=334960&sid=28273&type=offer
01-CA-AMO-TS30,CACHAREL AMOR AMOR EDT-S 30ML,3360373063697.0,1000+,39.0,9.95,,,0.0,334960.0,escentual.com(UK),£25.35 £845.00/L,https://www.idealo.co.uk/relocator/relocate?categoryId=3972&offerKey=f47d6373b04216201e0bdd450a03ed6d&offerListId=334960-F82028C937CB5F11B8A9FB2E91268033&pos=18&price=25.35&productid=334960&sid=21988&type=offer
01-CA-AMO-TS30,CACHAREL AMOR AMOR EDT-S 30ML,3360373063697.0,1000+,39.0,9.95,,,0.0,334960.0,my-origines.com(UK),£27.33 £911.00/L,https://www.idealo.co.uk/relocator/relocate?categoryId=3972&offerKey=10ff513d52b49e5682809ecd2873dcaa&offerListId=334960-F82028C937CB5F11B8A9FB2E91268033&pos=19&price=27.33&productid=334960&sid=328503&type=offer
01-CA-AMO-TS30,CACHAREL AMOR AMOR EDT-S 30ML,3360373063697.0,1000+,39.0,9.95,,,0.0,334960.0,Fragrancedirect.co.uk,£27.50 £916.67/L,https://www.idealo.co.uk/relocator/relocate?categoryId=3972&offerKey=f4301d5fa2afadf8e7b364c5d34adb1c&offerListId=334960-F82028C937CB5F11B8A9FB2E91268033&pos=20&price=27.50&productid=334960&sid=21971&type=offer
01-CA-AMO-TS30,CACHAREL AMOR AMOR EDT-S 30ML,3360373063697.0,1000+,39.0,9.95,,,0.0,334960.0,cosmetify.com,£12.95 £431.67/L,https://www.idealo.co.uk/relocator/relocate?categoryId=3972&offerKey=5462f315a1954e389c864c651a4f49c5&offerListId=334960-F82028C937CB5F11B8A9FB2E91268033&pos=1&price=12.95&productid=334960&sid=329503&type=offer
01-CA-AMO-TS30,CACHAREL AMOR AMOR EDT-S 30ML,3360373063697.0,1000+,39.0,9.95,,,0.0,334960.0,Clearchemist.co.uk,£13.42 £447.33/L,https://www.idealo.co.uk/relocator/relocate?categoryId=3972&offerKey=1182f314303c78af11546cb6f2792848&offerListId=334960-F82028C937CB5F11B8A9FB2E91268033&pos=2&price=13.42&productid=334960&sid=289670&type=offer
01-CA-AMO-TS30,CACHAREL AMOR AMOR EDT-S 30ML,3360373063697.0,1000+,39.0,9.95,,,0.0,334960.0,Perfumeclick.co.uk,£14.30 £476.67/L,https://www.idealo.co.uk/relocator/relocate?categoryId=3972&offerKey=cc757c83d1b58ff46e828416101a9131&offerListId=334960-F82028C937CB5F11B8A9FB2E91268033&pos=3&price=14.30&productid=334960&sid=69736&type=offer
01-CA-AMO-TS30,CACHAREL AMOR AMOR EDT-S 30ML,3360373063697.0,1000+,39.0,9.95,,,0.0,334960.0,Pharmacy2u.co.uk,£15.60 £520.00/L,https://www.idealo.co.uk/relocator/relocate?categoryId=3972&offerKey=f94ba5acbc53036dc9f415fadf5a1ee7&offerListId=334960-F82028C937CB5F11B8A9FB2E91268033&pos=4&price=15.60&productid=334960&sid=25468&type=offer
01-CA-AMO-TS30,CACHAREL AMOR AMOR EDT-S 30ML,3360373063697.0,1000+,39.0,9.95,,,0.0,334960.0,bodycareonline.co.uk,£16.29 £543.00/L,https://www.idealo.co.uk/relocator/relocate?categoryId=3972&offerKey=b71e412bfa80d696e3a20cce71358508&offerListId=334960-F82028C937CB5F11B8A9FB2E91268033&pos=5&price=16.29&productid=334960&sid=332851&type=offer
01-CA-AMO-TS30,CACHAREL AMOR AMOR EDT-S 30ML,3360373063697.0,1000+,39.0,9.95,,,0.0,334960.0,onbuy.com,£16.43 £547.67/L,https://www.idealo.co.uk/relocator/relocate?categoryId=3972&offerKey=5fc325bc28819fddb078f410b89215d3&offerListId=334960-F82028C937CB5F11B8A9FB2E91268033&pos=6&price=16.43&productid=334960&sid=316895&type=offer
01-CA-AMO-TS30,CACHAREL AMOR AMOR EDT-S 30ML,3360373063697.0,1000+,39.0,9.95,,,0.0,334960.0,Scentsationalperfumes.com,£16.50 £550.00/L,https://www.idealo.co.uk/relocator/relocate?categoryId=3972&offerKey=92e36e891b3d56044d0d7a3d3630aa87&offerListId=334960-F82028C937CB5F11B8A9FB2E91268033&pos=7&price=16.50&productid=334960&sid=282041&type=offer
01-CA-AMO-TS30,CACHAREL AMOR AMOR EDT-S 30ML,3360373063697.0,1000+,39.0,9.95,,,0.0,334960.0,ebay.co.uk,£16.98 £566.00/L,https://www.idealo.co.uk/relocator/relocate?categoryId=3972&offerKey=067b8caa0818aa4982dd2ea686bcedd2&offerListId=334960-F82028C937CB5F11B8A9FB2E91268033&pos=8&price=16.98&productid=334960&sid=22818&type=offer
01-CA-AMO-TS30,CACHAREL AMOR AMOR EDT-S 30ML,3360373063697.0,1000+,39.0,9.95,,,0.0,334960.0,debenhams.com,£17.50 £583.33/L,https://www.idealo.co.uk/relocator/relocate?categoryId=3972&offerKey=e30bbbcc06e37ef90208b2c7c6293d43&offerListId=334960-F82028C937CB5F11B8A9FB2E91268033&pos=9&price=17.50&productid=334960&sid=324109&type=offer
01-CA-AMO-TS30,CACHAREL AMOR AMOR EDT-S 30ML,3360373063697.0,1000+,39.0,9.95,,,0.0,334960.0,perfumedirect.com,£17.99 £599.67/L,https://www.idealo.co.uk/relocator/relocate?categoryId=3972&offerKey=384f5fba4dd0ae4dcbd3f6d8276f46d8&offerListId=334960-F82028C937CB5F11B8A9FB2E91268033&pos=10&price=17.99&productid=334960&sid=318630&type=offer
01-CA-AMO-TS30,CACHAREL AMOR AMOR EDT-S 30ML,3360373063697.0,1000+,39.0,9.95,,,0.0,334960.0,Lifeandlooks.com,£18.00 £600.00/L,https://www.idealo.co.uk/relocator/relocate?categoryId=3972&offerKey=ec45ad65e41aacdbb2e2a1125c4b1351&offerListId=334960-F82028C937CB5F11B8A9FB2E91268033&pos=11&price=18.00&productid=334960&sid=28305&type=offer
01-CA-AMO-TS30,CACHAREL AMOR AMOR EDT-S 30ML,3360373063697.0,1000+,39.0,9.95,,,0.0,334960.0,Dressinn.com (UK),£18.49 £616.33/L,https://www.idealo.co.uk/relocator/relocate?categoryId=3972&offerKey=9968a7d8b63d6ac1d38c134ba015542b&offerListId=334960-F82028C937CB5F11B8A9FB2E91268033&pos=12&price=18.49&productid=334960&sid=318629&type=offer
01-CA-AMO-TS30,CACHAREL AMOR AMOR EDT-S 30ML,3360373063697.0,1000+,39.0,9.95,,,0.0,334960.0,secretsales.com (UK),£19.67 £655.67/L,https://www.idealo.co.uk/relocator/relocate?categoryId=3972&offerKey=1b47a261b18787b4587fe1992a6bf36c&offerListId=334960-F82028C937CB5F11B8A9FB2E91268033&pos=13&price=19.67&productid=334960&sid=324015&type=offer
01-CA-AMO-TS30,CACHAREL AMOR AMOR EDT-S 30ML,3360373063697.0,1000+,39.0,9.95,,,0.0,334960.0,parfumdreams.co.uk,£20.50 £683.33/L,https://www.idealo.co.uk/relocator/relocate?categoryId=3972&offerKey=e2f4265412b1f5f1ae827c62faf41ed7&offerListId=334960-F82028C937CB5F11B8A9FB2E91268033&pos=14&price=20.50&productid=334960&sid=316458&type=offer
01-CA-AMO-TS30,CACHAREL AMOR AMOR EDT-S 30ML,3360373063697.0,1000+,39.0,9.95,,,0.0,334960.0,Expresschemist.co.uk,£22.95 £765.00/L,https://www.idealo.co.uk/relocator/relocate?categoryId=3972&offerKey=ee4c2265fe0bd42c32fd1b091e8d9dd6&offerListId=334960-F82028C937CB5F11B8A9FB2E91268033&pos=15&price=22.95&productid=334960&sid=22167&type=offer
01-CA-AMO-TS30,CACHAREL AMOR AMOR EDT-S 30ML,3360373063697.0,1000+,39.0,9.95,,,0.0,334960.0,beautybase.com(UK),£22.95 £765.00/L,https://www.idealo.co.uk/relocator/relocate?categoryId=3972&offerKey=abad52b297656d13c92430d627b6669e&offerListId=334960-F82028C937CB5F11B8A9FB2E91268033&pos=16&price=22.95&productid=334960&sid=299115&type=offer
01-CA-AMO-TS30,CACHAREL AMOR AMOR EDT-S 30ML,3360373063697.0,1000+,39.0,9.95,,,0.0,334960.0,gorgeousshop.com (UK),£24.99 £833.00/L,https://www.idealo.co.uk/relocator/relocate?categoryId=3972&offerKey=4afb96bfc76eafee6397752ca274b1e9&offerListId=334960-F82028C937CB5F11B8A9FB2E91268033&pos=17&price=24.99&productid=334960&sid=28273&type=offer
01-CA-AMO-TS30,CACHAREL AMOR AMOR EDT-S 30ML,3360373063697.0,1000+,39.0,9.95,,,0.0,334960.0,escentual.com(UK),£25.35 £845.00/L,https://www.idealo.co.uk/relocator/relocate?categoryId=3972&offerKey=f47d6373b04216201e0bdd450a03ed6d&offerListId=334960-F82028C937CB5F11B8A9FB2E91268033&pos=18&price=25.35&productid=334960&sid=21988&type=offer
01-CA-AMO-TS30,CACHAREL AMOR AMOR EDT-S 30ML,3360373063697.0,1000+,39.0,9.95,,,0.0,334960.0,my-origines.com(UK),£27.33 £911.00/L,https://www.idealo.co.uk/relocator/relocate?categoryId=3972&offerKey=10ff513d52b49e5682809ecd2873dcaa&offerListId=334960-F82028C937CB5F11B8A9FB2E91268033&pos=19&price=27.33&productid=334960&sid=328503&type=offer
01-CA-AMO-TS30,CACHAREL AMOR AMOR EDT-S 30ML,3360373063697.0,1000+,39.0,9.95,,,0.0,334960.0,Fragrancedirect.co.uk,£27.50 £916.67/L,https://www.idealo.co.uk/relocator/relocate?categoryId=3972&offerKey=f4301d5fa2afadf8e7b364c5d34adb1c&offerListId=334960-F82028C937CB5F11B8A9FB2E91268033&pos=20&price=27.50&productid=334960&sid=21971&type=offer
01-CA-AMO-TS30-UK,CACHAREL AMOR AMOR EDT-S 30ML,3360373063697.0,710,39.0,9.95,,,0.0,334960.0,cosmetify.com,£12.95 £431.67/L,https://www.idealo.co.uk/relocator/relocate?categoryId=3972&offerKey=5462f315a1954e389c864c651a4f49c5&offerListId=334960-F82028C937CB5F11B8A9FB2E91268033&pos=1&price=12.95&productid=334960&sid=329503&type=offer
01-CA-AMO-TS30-UK,CACHAREL AMOR AMOR EDT-S 30ML,3360373063697.0,710,39.0,9.95,,,0.0,334960.0,Clearchemist.co.uk,£13.42 £447.33/L,https://www.idealo.co.uk/relocator/relocate?categoryId=3972&offerKey=1182f314303c78af11546cb6f2792848&offerListId=334960-F82028C937CB5F11B8A9FB2E91268033&pos=2&price=13.42&productid=334960&sid=289670&type=offer
01-CA-AMO-TS30-UK,CACHAREL AMOR AMOR EDT-S 30ML,3360373063697.0,710,39.0,9.95,,,0.0,334960.0,Perfumeclick.co.uk,£14.30 £476.67/L,https://www.idealo.co.uk/relocator/relocate?categoryId=3972&offerKey=cc757c83d1b58ff46e828416101a9131&offerListId=334960-F82028C937CB5F11B8A9FB2E91268033&pos=3&price=14.30&productid=334960&sid=69736&type=offer
01-CA-AMO-TS30-UK,CACHAREL AMOR AMOR EDT-S 30ML,3360373063697.0,710,39.0,9.95,,,0.0,334960.0,Pharmacy2u.co.uk,£15.60 £520.00/L,https://www.idealo.co.uk/relocator/relocate?categoryId=3972&offerKey=f94ba5acbc53036dc9f415fadf5a1ee7&offerListId=334960-F82028C937CB5F11B8A9FB2E91268033&pos=4&price=15.60&productid=334960&sid=25468&type=offer
01-CA-AMO-TS30-UK,CACHAREL AMOR AMOR EDT-S 30ML,3360373063697.0,710,39.0,9.95,,,0.0,334960.0,bodycareonline.co.uk,£16.29 £543.00/L,https://www.idealo.co.uk/relocator/relocate?categoryId=3972&offerKey=b71e412bfa80d696e3a20cce71358508&offerListId=334960-F82028C937CB5F11B8A9FB2E91268033&pos=5&price=16.29&productid=334960&sid=332851&type=offer
01-CA-AMO-TS30-UK,CACHAREL AMOR AMOR EDT-S 30ML,3360373063697.0,710,39.0,9.95,,,0.0,334960.0,onbuy.com,£16.43 £547.67/L,https://www.idealo.co.uk/relocator/relocate?categoryId=3972&offerKey=5fc325bc28819fddb078f410b89215d3&offerListId=334960-F82028C937CB5F11B8A9FB2E91268033&pos=6&price=16.43&productid=334960&sid=316895&type=offer
01-CA-AMO-TS30-UK,CACHAREL AMOR AMOR EDT-S 30ML,3360373063697.0,710,39.0,9.95,,,0.0,334960.0,Scentsationalperfumes.com,£16.50 £550.00/L,https://www.idealo.co.uk/relocator/relocate?categoryId=3972&offerKey=92e36e891b3d56044d0d7a3d3630aa87&offerListId=334960-F82028C937CB5F11B8A9FB2E91268033&pos=7&price=16.50&productid=334960&sid=282041&type=offer
01-CA-AMO-TS30-UK,CACHAREL AMOR AMOR EDT-S 30ML,3360373063697.0,710,39.0,9.95,,,0.0,334960.0,ebay.co.uk,£16.98 £566.00/L,https://www.idealo.co.uk/relocator/relocate?categoryId=3972&offerKey=067b8caa0818aa4982dd2ea686bcedd2&offerListId=334960-F82028C937CB5F11B8A9FB2E91268033&pos=8&price=16.98&productid=334960&sid=22818&type=offer
01-CA-AMO-TS30-UK,CACHAREL AMOR AMOR EDT-S 30ML,3360373063697.0,710,39.0,9.95,,,0.0,334960.0,debenhams.com,£17.50 £583.33/L,https://www.idealo.co.uk/relocator/relocate?categoryId=3972&offerKey=e30bbbcc06e37ef90208b2c7c6293d43&offerListId=334960-F82028C937CB5F11B8A9FB2E91268033&pos=9&price=17.50&productid=334960&sid=324109&type=offer
01-CA-AMO-TS30-UK,CACHAREL AMOR AMOR EDT-S 30ML,3360373063697.0,710,39.0,9.95,,,0.0,334960.0,perfumedirect.com,£17.99 £599.67/L,https://www.idealo.co.uk/relocator/relocate?categoryId=3972&offerKey=384f5fba4dd0ae4dcbd3f6d8276f46d8&offerListId=334960-F82028C937CB5F11B8A9FB2E91268033&pos=10&price=17.99&productid=334960&sid=318630&type=offer
01-CA-AMO-TS30-UK,CACHAREL AMOR AMOR EDT-S 30ML,3360373063697.0,710,39.0,9.95,,,0.0,334960.0,Lifeandlooks.com,£18.00 £600.00/L,https://www.idealo.co.uk/relocator/relocate?categoryId=3972&offerKey=ec45ad65e41aacdbb2e2a1125c4b1351&offerListId=334960-F82028C937CB5F11B8A9FB2E91268033&pos=11&price=18.00&productid=334960&sid=28305&type=offer
01-CA-AMO-TS30-UK,CACHAREL AMOR AMOR EDT-S 30ML,3360373063697.0,710,39.0,9.95,,,0.0,334960.0,Dressinn.com (UK),£18.49 £616.33/L,https://www.idealo.co.uk/relocator/relocate?categoryId=3972&offerKey=9968a7d8b63d6ac1d38c134ba015542b&offerListId=334960-F82028C937CB5F11B8A9FB2E91268033&pos=12&price=18.49&productid=334960&sid=318629&type=offer
01-CA-AMO-TS30-UK,CACHAREL AMOR AMOR EDT-S 30ML,3360373063697.0,710,39.0,9.95,,,0.0,334960.0,secretsales.com (UK),£19.67 £655.67/L,https://www.idealo.co.uk/relocator/relocate?categoryId=3972&offerKey=1b47a261b18787b4587fe1992a6bf36c&offerListId=334960-F82028C937CB5F11B8A9FB2E91268033&pos=13&price=19.67&productid=334960&sid=324015&type=offer
01-CA-AMO-TS30-UK,CACHAREL AMOR AMOR EDT-S 30ML,3360373063697.0,710,39.0,9.95,,,0.0,334960.0,parfumdreams.co.uk,£20.50 £683.33/L,https://www.idealo.co.uk/relocator/relocate?categoryId=3972&offerKey=e2f4265412b1f5f1ae827c62faf41ed7&offerListId=334960-F82028C937CB5F11B8A9FB2E91268033&pos=14&price=20.50&productid=334960&sid=316458&type=offer
01-CA-AMO-TS30-UK,CACHAREL AMOR AMOR EDT-S 30ML,3360373063697.0,710,39.0,9.95,,,0.0,334960.0,Expresschemist.co.uk,£22.95 £765.00/L,https://www.idealo.co.uk/relocator/relocate?categoryId=3972&offerKey=ee4c2265fe0bd42c32fd1b091e8d9dd6&offerListId=334960-F82028C937CB5F11B8A9FB2E91268033&pos=15&price=22.95&productid=334960&sid=22167&type=offer
01-CA-AMO-TS30-UK,CACHAREL AMOR AMOR EDT-S 30ML,3360373063697.0,710,39.0,9.95,,,0.0,334960.0,beautybase.com(UK),£22.95 £765.00/L,https://www.idealo.co.uk/relocator/relocate?categoryId=3972&offerKey=abad52b297656d13c92430d627b6669e&offerListId=334960-F82028C937CB5F11B8A9FB2E91268033&pos=16&price=22.95&productid=334960&sid=299115&type=offer
01-CA-AMO-TS30-UK,CACHAREL AMOR AMOR EDT-S 30ML,3360373063697.0,710,39.0,9.95,,,0.0,334960.0,gorgeousshop.com (UK),£24.99 £833.00/L,https://www.idealo.co.uk/relocator/relocate?categoryId=3972&offerKey=4afb96bfc76eafee6397752ca274b1e9&offerListId=334960-F82028C937CB5F11B8A9FB2E91268033&pos=17&price=24.99&productid=334960&sid=28273&type=offer
01-CA-AMO-TS30-UK,CACHAREL AMOR AMOR EDT-S 30ML,3360373063697.0,710,39.0,9.95,,,0.0,334960.0,escentual.com(UK),£25.35 £845.00/L,https://www.idealo.co.uk/relocator/relocate?categoryId=3972&offerKey=f47d6373b04216201e0bdd450a03ed6d&offerListId=334960-F82028C937CB5F11B8A9FB2E91268033&pos=18&price=25.35&productid=334960&sid=21988&type=offer
01-CA-AMO-TS30-UK,CACHAREL AMOR AMOR EDT-S 30ML,3360373063697.0,710,39.0,9.95,,,0.0,334960.0,my-origines.com(UK),£27.33 £911.00/L,https://www.idealo.co.uk/relocator/relocate?categoryId=3972&offerKey=10ff513d52b49e5682809ecd2873dcaa&offerListId=334960-F82028C937CB5F11B8A9FB2E91268033&pos=19&price=27.33&productid=334960&sid=328503&type=offer
01-CA-AMO-TS30-UK,CACHAREL AMOR AMOR EDT-S 30ML,3360373063697.0,710,39.0,9.95,,,0.0,334960.0,Fragrancedirect.co.uk,£27.50 £916.67/L,https://www.idealo.co.uk/relocator/relocate?categoryId=3972&offerKey=f4301d5fa2afadf8e7b364c5d34adb1c&offerListId=334960-F82028C937CB5F11B8A9FB2E91268033&pos=20&price=27.50&productid=334960&sid=21971&type=offer
01-CA-AMO-TS30-UK,CACHAREL AMOR AMOR EDT-S 30ML,3360373063697.0,710,39.0,9.95,,,0.0,334960.0,cosmetify.com,£12.95 £431.67/L,https://www.idealo.co.uk/relocator/relocate?categoryId=3972&offerKey=5462f315a1954e389c864c651a4f49c5&offerListId=334960-F82028C937CB5F11B8A9FB2E91268033&pos=1&price=12.95&productid=334960&sid=329503&type=offer
01-CA-AMO-TS30-UK,CACHAREL AMOR AMOR EDT-S 30ML,3360373063697.0,710,39.0,9.95,,,0.0,334960.0,Clearchemist.co.uk,£13.42 £447.33/L,https://www.idealo.co.uk/relocator/relocate?categoryId=3972&offerKey=1182f314303c78af11546cb6f2792848&offerListId=334960-F82028C937CB5F11B8A9FB2E91268033&pos=2&price=13.42&productid=334960&sid=289670&type=offer
01-CA-AMO-TS30-UK,CACHAREL AMOR AMOR EDT-S 30ML,3360373063697.0,710,39.0,9.95,,,0.0,334960.0,Perfumeclick.co.uk,£14.30 £476.67/L,https://www.idealo.co.uk/relocator/relocate?categoryId=3972&offerKey=cc757c83d1b58ff46e828416101a9131&offerListId=334960-F82028C937CB5F11B8A9FB2E91268033&pos=3&price=14.30&productid=334960&sid=69736&type=offer
01-CA-AMO-TS30-UK,CACHAREL AMOR AMOR EDT-S 30ML,3360373063697.0,710,39.0,9.95,,,0.0,334960.0,Pharmacy2u.co.uk,£15.60 £520.00/L,https://www.idealo.co.uk/relocator/relocate?categoryId=3972&offerKey=f94ba5acbc53036dc9f415fadf5a1ee7&offerListId=334960-F82028C937CB5F11B8A9FB2E91268033&pos=4&price=15.60&productid=334960&sid=25468&type=offer
01-CA-AMO-TS30-UK,CACHAREL AMOR AMOR EDT-S 30ML,3360373063697.0,710,39.0,9.95,,,0.0,334960.0,bodycareonline.co.uk,£16.29 £543.00/L,https://www.idealo.co.uk/relocator/relocate?categoryId=3972&offerKey=b71e412bfa80d696e3a20cce71358508&offerListId=334960-F82028C937CB5F11B8A9FB2E91268033&pos=5&price=16.29&productid=334960&sid=332851&type=offer
01-CA-AMO-TS30-UK,CACHAREL AMOR AMOR EDT-S 30ML,3360373063697.0,710,39.0,9.95,,,0.0,334960.0,onbuy.com,£16.43 £547.67/L,https://www.idealo.co.uk/relocator/relocate?categoryId=3972&offerKey=5fc325bc28819fddb078f410b89215d3&offerListId=334960-F82028C937CB5F11B8A9FB2E91268033&pos=6&price=16.43&productid=334960&sid=316895&type=offer
01-CA-AMO-TS30-UK,CACHAREL AMOR AMOR EDT-S 30ML,3360373063697.0,710,39.0,9.95,,,0.0,334960.0,Scentsationalperfumes.com,£16.50 £550.00/L,https://www.idealo.co.uk/relocator/relocate?categoryId=3972&offerKey=92e36e891b3d56044d0d7a3d3630aa87&offerListId=334960-F82028C937CB5F11B8A9FB2E91268033&pos=7&price=16.50&productid=334960&sid=282041&type=offer
01-CA-AMO-TS30-UK,CACHAREL AMOR AMOR EDT-S 30ML,3360373063697.0,710,39.0,9.95,,,0.0,334960.0,ebay.co.uk,£16.98 £566.00/L,https://www.idealo.co.uk/relocator/relocate?categoryId=3972&offerKey=067b8caa0818aa4982dd2ea686bcedd2&offerListId=334960-F82028C937CB5F11B8A9FB2E91268033&pos=8&price=16.98&productid=334960&sid=22818&type=offer
01-CA-AMO-TS30-UK,CACHAREL AMOR AMOR EDT-S 30ML,3360373063697.0,710,39.0,9.95,,,0.0,334960.0,debenhams.com,£17.50 £583.33/L,https://www.idealo.co.uk/relocator/relocate?categoryId=3972&offerKey=e30bbbcc06e37ef90208b2c7c6293d43&offerListId=334960-F82028C937CB5F11B8A9FB2E91268033&pos=9&price=17.50&productid=334960&sid=324109&type=offer
01-CA-AMO-TS30-UK,CACHAREL AMOR AMOR EDT-S 30ML,3360373063697.0,710,39.0,9.95,,,0.0,334960.0,perfumedirect.com,£17.99 £599.67/L,https://www.idealo.co.uk/relocator/relocate?categoryId=3972&offerKey=384f5fba4dd0ae4dcbd3f6d8276f46d8&offerListId=334960-F82028C937CB5F11B8A9FB2E91268033&pos=10&price=17.99&productid=334960&sid=318630&type=offer
01-CA-AMO-TS30-UK,CACHAREL AMOR AMOR EDT-S 30ML,3360373063697.0,710,39.0,9.95,,,0.0,334960.0,Lifeandlooks.com,£18.00 £600.00/L,https://www.idealo.co.uk/relocator/relocate?categoryId=3972&offerKey=ec45ad65e41aacdbb2e2a1125c4b1351&offerListId=334960-F82028C937CB5F11B8A9FB2E91268033&pos=11&price=18.00&productid=334960&sid=28305&type=offer
01-CA-AMO-TS30-UK,CACHAREL AMOR AMOR EDT-S 30ML,3360373063697.0,710,39.0,9.95,,,0.0,334960.0,Dressinn.com (UK),£18.49 £616.33/L,https://www.idealo.co.uk/relocator/relocate?categoryId=3972&offerKey=9968a7d8b63d6ac1d38c134ba015542b&offerListId=334960-F82028C937CB5F11B8A9FB2E91268033&pos=12&price=18.49&productid=334960&sid=318629&type=offer
01-CA-AMO-TS30-UK,CACHAREL AMOR AMOR EDT-S 30ML,3360373063697.0,710,39.0,9.95,,,0.0,334960.0,secretsales.com (UK),£19.67 £655.67/L,https://www.idealo.co.uk/relocator/relocate?categoryId=3972&offerKey=1b47a261b18787b4587fe1992a6bf36c&offerListId=334960-F82028C937CB5F11B8A9FB2E91268033&pos=13&price=19.67&productid=334960&sid=324015&type=offer
01-CA-AMO-TS30-UK,CACHAREL AMOR AMOR EDT-S 30ML,3360373063697.0,710,39.0,9.95,,,0.0,334960.0,parfumdreams.co.uk,£20.50 £683.33/L,https://www.idealo.co.uk/relocator/relocate?categoryId=3972&offerKey=e2f4265412b1f5f1ae827c62faf41ed7&offerListId=334960-F82028C937CB5F11B8A9FB2E91268033&pos=14&price=20.50&productid=334960&sid=316458&type=offer
01-CA-AMO-TS30-UK,CACHAREL AMOR AMOR EDT-S 30ML,3360373063697.0,710,39.0,9.95,,,0.0,334960.0,Expresschemist.co.uk,£22.95 £765.00/L,https://www.idealo.co.uk/relocator/relocate?categoryId=3972&offerKey=ee4c2265fe0bd42c32fd1b091e8d9dd6&offerListId=334960-F82028C937CB5F11B8A9FB2E91268033&pos=15&price=22.95&productid=334960&sid=22167&type=offer
01-CA-AMO-TS30-UK,CACHAREL AMOR AMOR EDT-S 30ML,3360373063697.0,710,39.0,9.95,,,0.0,334960.0,beautybase.com(UK),£22.95 £765.00/L,https://www.idealo.co.uk/relocator/relocate?categoryId=3972&offerKey=abad52b297656d13c92430d627b6669e&offerListId=334960-F82028C937CB5F11B8A9FB2E91268033&pos=16&price=22.95&productid=334960&sid=299115&type=offer
01-CA-AMO-TS30-UK,CACHAREL AMOR AMOR EDT-S 30ML,3360373063697.0,710,39.0,9.95,,,0.0,334960.0,gorgeousshop.com (UK),£24.99 £833.00/L,https://www.idealo.co.uk/relocator/relocate?categoryId=3972&offerKey=4afb96bfc76eafee6397752ca274b1e9&offerListId=334960-F82028C937CB5F11B8A9FB2E91268033&pos=17&price=24.99&productid=334960&sid=28273&type=offer
01-CA-AMO-TS30-UK,CACHAREL AMOR AMOR EDT-S 30ML,3360373063697.0,710,39.0,9.95,,,0.0,334960.0,escentual.com(UK),£25.35 £845.00/L,https://www.idealo.co.uk/relocator/relocate?categoryId=3972&offerKey=f47d6373b04216201e0bdd450a03ed6d&offerListId=334960-F82028C937CB5F11B8A9FB2E91268033&pos=18&price=25.35&productid=334960&sid=21988&type=offer
01-CA-AMO-TS30-UK,CACHAREL AMOR AMOR EDT-S 30ML,3360373063697.0,710,39.0,9.95,,,0.0,334960.0,my-origines.com(UK),£27.33 £911.00/L,https://www.idealo.co.uk/relocator/relocate?categoryId=3972&offerKey=10ff513d52b49e5682809ecd2873dcaa&offerListId=334960-F82028C937CB5F11B8A9FB2E91268033&pos=19&price=27.33&productid=334960&sid=328503&type=offer
01-CA-AMO-TS30-UK,CACHAREL AMOR AMOR EDT-S 30ML,3360373063697.0,710,39.0,9.95,,,0.0,334960.0,Fragrancedirect.co.uk,£27.50 £916.67/L,https://www.idealo.co.uk/relocator/relocate?categoryId=3972&offerKey=f4301d5fa2afadf8e7b364c5d34adb1c&offerListId=334960-F82028C937CB5F11B8A9FB2E91268033&pos=20&price=27.50&productid=334960&sid=21971&type=offer
01-CA-AMO-TS50-UK,CACHAREL AMOR AMOR EDT-S 50ML,3360373063703.0,854,55.0,14.95,,,0.0,588776.0,Clearchemist.co.uk,£21.60 £432.00/L,https://www.idealo.co.uk/relocator/relocate?categoryId=3972&offerKey=11236cc4081edcf478d2b6a5c55dd0a1&offerListId=588776-2216939AE3987AD47DE79AAFC6123D92&pos=1&price=21.60&productid=588776&sid=289670&type=offer
01-CA-AMO-TS50-UK,CACHAREL AMOR AMOR EDT-S 50ML,3360373063703.0,854,55.0,14.95,,,0.0,588776.0,ebay.co.uk,£22.83 £456.60/L,https://www.idealo.co.uk/relocator/relocate?categoryId=3972&offerKey=0b0eff6403b90bcf49e27fae74f0d9a6&offerListId=588776-2216939AE3987AD47DE79AAFC6123D92&pos=2&price=22.83&productid=588776&sid=22818&type=offer
01-CA-AMO-TS50-UK,CACHAREL AMOR AMOR EDT-S 50ML,3360373063703.0,854,55.0,14.95,,,0.0,588776.0,onbuy.com,£23.16 £463.20/L,https://www.idealo.co.uk/relocator/relocate?categoryId=3972&offerKey=d98ea4ff2cb015a9ba9989528d96234f&offerListId=588776-2216939AE3987AD47DE79AAFC6123D92&pos=3&price=23.16&productid=588776&sid=316895&type=offer
01-CA-AMO-TS50-UK,CACHAREL AMOR AMOR EDT-S 50ML,3360373063703.0,854,55.0,14.95,,,0.0,588776.0,Perfumeclick.co.uk,£23.85 £477.00/L,https://www.idealo.co.uk/relocator/relocate?categoryId=3972&offerKey=7fdfdc024d2839c8aca1612681145c5d&offerListId=588776-2216939AE3987AD47DE79AAFC6123D92&pos=4&price=23.85&productid=588776&sid=69736&type=offer
01-CA-AMO-TS50-UK,CACHAREL AMOR AMOR EDT-S 50ML,3360373063703.0,854,55.0,14.95,,,0.0,588776.0,Dressinn.com (UK),£23.99 £479.80/L,https://www.idealo.co.uk/relocator/relocate?categoryId=3972&offerKey=b12955be72f58f5cd97c9d9ae9e370e1&offerListId=588776-2216939AE3987AD47DE79AAFC6123D92&pos=5&price=23.99&productid=588776&sid=318629&type=offer
01-CA-AMO-TS50-UK,CACHAREL AMOR AMOR EDT-S 50ML,3360373063703.0,854,55.0,14.95,,,0.0,588776.0,cosmetify.com,£23.99 £479.80/L,https://www.idealo.co.uk/relocator/relocate?categoryId=3972&offerKey=5cbbb0cc5d12ed788dfbc8fbf8335a6e&offerListId=588776-2216939AE3987AD47DE79AAFC6123D92&pos=6&price=23.99&productid=588776&sid=329503&type=offer
01-CA-AMO-TS50-UK,CACHAREL AMOR AMOR EDT-S 50ML,3360373063703.0,854,55.0,14.95,,,0.0,588776.0,secretsales.com (UK),£26.13 £522.60/L,https://www.idealo.co.uk/relocator/relocate?categoryId=3972&offerKey=a7c3791b1f6d29dfdad0fc3c2d8da0bd&offerListId=588776-2216939AE3987AD47DE79AAFC6123D92&pos=7&price=26.13&productid=588776&sid=324015&type=offer
01-CA-AMO-TS50-UK,CACHAREL AMOR AMOR EDT-S 50ML,3360373063703.0,854,55.0,14.95,,,0.0,588776.0,Expresschemist.co.uk,£30.00 £600.00/L,https://www.idealo.co.uk/relocator/relocate?categoryId=3972&offerKey=dcafef3ab3675b51192ef19efaee0ec9&offerListId=588776-2216939AE3987AD47DE79AAFC6123D92&pos=8&price=30.00&productid=588776&sid=22167&type=offer
01-CA-AMO-TS50-UK,CACHAREL AMOR AMOR EDT-S 50ML,3360373063703.0,854,55.0,14.95,,,0.0,588776.0,amazon.co.uk,£33.00 £660.00/L,https://www.idealo.co.uk/relocator/relocate?categoryId=3972&offerKey=83b7370fa574955ab42a93fcd8b8a34f&offerListId=588776-2216939AE3987AD47DE79AAFC6123D92&pos=9&price=33.00&productid=588776&sid=12004&type=offer
01-CA-AMO-TS50-UK,CACHAREL AMOR AMOR EDT-S 50ML,3360373063703.0,854,55.0,14.95,,,0.0,588776.0,my-origines.com(UK),£34.09 £681.80/L,https://www.idealo.co.uk/relocator/relocate?categoryId=3972&offerKey=089364a9c493d2c80eca071b3b1009c1&offerListId=588776-2216939AE3987AD47DE79AAFC6123D92&pos=10&price=34.09&productid=588776&sid=328503&type=offer
01-CA-AMO-TS50-UK,CACHAREL AMOR AMOR EDT-S 50ML,3360373063703.0,854,55.0,14.95,,,0.0,588776.0,parfumdreams.co.uk,£38.33 £766.60/L,https://www.idealo.co.uk/relocator/relocate?categoryId=3972&offerKey=af4b57e0a0b8a353d35afcb653518578&offerListId=588776-2216939AE3987AD47DE79AAFC6123D92&pos=11&price=38.33&productid=588776&sid=316458&type=offer
01-CA-AMO-TS50-UK,CACHAREL AMOR AMOR EDT-S 50ML,3360373063703.0,854,55.0,14.95,,,0.0,588776.0,notino.co.uk,£38.50 £770.00/L,https://www.idealo.co.uk/relocator/relocate?categoryId=3972&offerKey=826d012e52096455b1de8914b5a912e2&offerListId=588776-2216939AE3987AD47DE79AAFC6123D92&pos=12&price=38.50&productid=588776&sid=307734&type=offer
01-CA-AMO-TS50-UK,CACHAREL AMOR AMOR EDT-S 50ML,3360373063703.0,854,55.0,14.95,,,0.0,588776.0,onbuy.com,£44.95 £899.00/L,https://www.idealo.co.uk/relocator/relocate?categoryId=3972&offerKey=cc5d0f6c42ac5106590988fc883ab3c2&offerListId=588776-2216939AE3987AD47DE79AAFC6123D92&pos=13&price=44.95&productid=588776&sid=316895&type=offer
01-CA-AMO-TS50-UK,CACHAREL AMOR AMOR EDT-S 50ML,3360373063703.0,854,55.0,14.95,,,0.0,588776.0,cazaar.co.uk,£46.23 £924.60/L,https://www.idealo.co.uk/relocator/relocate?categoryId=3972&offerKey=0333b39ae0c9ea291f9d18e0adfcf3d7&offerListId=588776-2216939AE3987AD47DE79AAFC6123D92&pos=14&price=46.23&productid=588776&sid=331015&type=offer
01-CA-AMO-TS50-UK,CACHAREL AMOR AMOR EDT-S 50ML,3360373063703.0,854,55.0,14.95,,,0.0,588776.0,salontotal.co.uk,£47.95 £959.00/L,https://www.idealo.co.uk/relocator/relocate?categoryId=3972&offerKey=adf4ecf021ff2a77ba96a2bd321ca5ac&offerListId=588776-2216939AE3987AD47DE79AAFC6123D92&pos=15&price=47.95&productid=588776&sid=324505&type=offer
01-CA-ANA-TS30-UK,CACHAREL ANAIS ANAIS EDT-S 30ML,3360370512044.0,1000+,39.0,10.5,,,0.0,334962.0,ebay.co.uk,£16.99 £566.33/L,https://www.idealo.co.uk/relocator/relocate?categoryId=3972&offerKey=0d9d70883b16c7042e39c24b413cbc67&offerListId=334962-92D3C75E537F07A13BD73FD10A6892FA&pos=1&price=16.99&productid=334962&sid=22818&type=offer
01-CA-ANA-TS30-UK,CACHAREL ANAIS ANAIS EDT-S 30ML,3360370512044.0,1000+,39.0,10.5,,,0.0,334962.0,bodycareonline.co.uk,£16.99 £566.33/L,https://www.idealo.co.uk/relocator/relocate?categoryId=3972&offerKey=3e83309e7bdca9b59f566141287c23af&offerListId=334962-92D3C75E537F07A13BD73FD10A6892FA&pos=2&price=16.99&productid=334962&sid=332851&type=offer
01-CA-ANA-TS30-UK,CACHAREL ANAIS ANAIS EDT-S 30ML,3360370512044.0,1000+,39.0,10.5,,,0.0,334962.0,Thefragrancecounter.com (UK),£17.95 £598.33/L,https://www.idealo.co.uk/relocator/relocate?categoryId=3972&offerKey=4e3fb0a9df41e88dbc7dfd422c6e6d27&offerListId=334962-92D3C75E537F07A13BD73FD10A6892FA&pos=3&price=17.95&productid=334962&sid=299378&type=offer
01-CA-ANA-TS30-UK,CACHAREL ANAIS ANAIS EDT-S 30ML,3360370512044.0,1000+,39.0,10.5,,,0.0,334962.0,onbuy.com,£17.99 £599.67/L,https://www.idealo.co.uk/relocator/relocate?categoryId=3972&offerKey=7700c1e04a6519358c9a1a62ae47a4d0&offerListId=334962-92D3C75E537F07A13BD73FD10A6892FA&pos=4&price=17.99&productid=334962&sid=316895&type=offer
01-CA-ANA-TS30-UK,CACHAREL ANAIS ANAIS EDT-S 30ML,3360370512044.0,1000+,39.0,10.5,,,0.0,334962.0,Lifeandlooks.com,£18.00 £600.00/L,https://www.idealo.co.uk/relocator/relocate?categoryId=3972&offerKey=8afba77755694a89891defe61126569b&offerListId=334962-92D3C75E537F07A13BD73FD10A6892FA&pos=5&price=18.00&productid=334962&sid=28305&type=offer
01-CA-ANA-TS30-UK,CACHAREL ANAIS ANAIS EDT-S 30ML,3360370512044.0,1000+,39.0,10.5,,,0.0,334962.0,secretsales.com (UK),£18.99 £633.00/L,https://www.idealo.co.uk/relocator/relocate?categoryId=3972&offerKey=8e1a74c9ae89a4e710c1ab37d106fe42&offerListId=334962-92D3C75E537F07A13BD73FD10A6892FA&pos=6&price=18.99&productid=334962&sid=324015&type=offer
01-CA-ANA-TS30-UK,CACHAREL ANAIS ANAIS EDT-S 30ML,3360370512044.0,1000+,39.0,10.5,,,0.0,334962.0,cosmetify.com,£18.99 £633.00/L,https://www.idealo.co.uk/relocator/relocate?categoryId=3972&offerKey=19dea77cbf9a55c3424a2c8c9ae20c68&offerListId=334962-92D3C75E537F07A13BD73FD10A6892FA&pos=7&price=18.99&productid=334962&sid=329503&type=offer
01-CA-ANA-TS30-UK,CACHAREL ANAIS ANAIS EDT-S 30ML,3360370512044.0,1000+,39.0,10.5,,,0.0,334962.0,perfumedirect.com,£18.99 £633.00/L,https://www.idealo.co.uk/relocator/relocate?categoryId=3972&offerKey=c6b82fe97305057fb62028d7a7a13ada&offerListId=334962-92D3C75E537F07A13BD73FD10A6892FA&pos=8&price=18.99&productid=334962&sid=318630&type=offer
01-CA-ANA-TS30-UK,CACHAREL ANAIS ANAIS EDT-S 30ML,3360370512044.0,1000+,39.0,10.5,,,0.0,334962.0,parfumdreams.co.uk,£20.50 £683.33/L,https://www.idealo.co.uk/relocator/relocate?categoryId=3972&offerKey=2514326ec30fa30dca7174ea2c872fae&offerListId=334962-92D3C75E537F07A13BD73FD10A6892FA&pos=9&price=20.50&productid=334962&sid=316458&type=offer
01-CA-ANA-TS30-UK,CACHAREL ANAIS ANAIS EDT-S 30ML,3360370512044.0,1000+,39.0,10.5,,,0.0,334962.0,Dressinn.com (UK),£20.99 £699.67/L,https://www.idealo.co.uk/relocator/relocate?categoryId=3972&offerKey=3f5b9dc1c03b1e27107bf5a3e6844c82&offerListId=334962-92D3C75E537F07A13BD73FD10A6892FA&pos=10&price=20.99&productid=334962&sid=318629&type=offer
01-CA-ANA-TS30-UK,CACHAREL ANAIS ANAIS EDT-S 30ML,3360370512044.0,1000+,39.0,10.5,,,0.0,334962.0,beautybase.com(UK),£22.95 £765.00/L,https://www.idealo.co.uk/relocator/relocate?categoryId=3972&offerKey=ac8fd641c4791e512d2340fd424d75bf&offerListId=334962-92D3C75E537F07A13BD73FD10A6892FA&pos=11&price=22.95&productid=334962&sid=299115&type=offer
01-CA-ANA-TS30-UK,CACHAREL ANAIS ANAIS EDT-S 30ML,3360370512044.0,1000+,39.0,10.5,,,0.0,334962.0,Expresschemist.co.uk,£22.99 £766.33/L,https://www.idealo.co.uk/relocator/relocate?categoryId=3972&offerKey=8d41769ff488cea7d55a9853531696fd&offerListId=334962-92D3C75E537F07A13BD73FD10A6892FA&pos=12&price=22.99&productid=334962&sid=22167&type=offer
01-CA-ANA-TS30-UK,CACHAREL ANAIS ANAIS EDT-S 30ML,3360370512044.0,1000+,39.0,10.5,,,0.0,334962.0,,£24.23 £807.67/L,https://www.idealo.co.uk/relocator/relocate?categoryId=3972&offerKey=61acc8f3745a6f3e0de08f04b179f9f0&offerListId=334962-92D3C75E537F07A13BD73FD10A6892FA&pos=13&price=24.23&productid=334962&sid=307734&type=offer
01-CA-ANA-TS30-UK,CACHAREL ANAIS ANAIS EDT-S 30ML,3360370512044.0,1000+,39.0,10.5,,,0.0,334962.0,my-origines.com(UK),£26.09 £869.67/L,https://www.idealo.co.uk/relocator/relocate?categoryId=3972&offerKey=a959730eb62c913b4ae3de5229c3a15f&offerListId=334962-92D3C75E537F07A13BD73FD10A6892FA&pos=14&price=26.09&productid=334962&sid=328503&type=offer
01-CA-ANA-TS30-UK,CACHAREL ANAIS ANAIS EDT-S 30ML,3360370512044.0,1000+,39.0,10.5,,,0.0,334962.0,cazaar.co.uk,£27.95 £931.67/L,https://www.idealo.co.uk/relocator/relocate?categoryId=3972&offerKey=a3476ceb8ac80f49206b166459fa8c6e&offerListId=334962-92D3C75E537F07A13BD73FD10A6892FA&pos=15&price=27.95&productid=334962&sid=331015&type=offer
01-CA-EDE-PS30,CACHAREL EDEN EDP-S 30ML,3360373048861.0,1000+,35.0,9.75,,,0.0,587410.0,Clearchemist.co.uk,£14.46 £482.00/L,https://www.idealo.co.uk/relocator/relocate?categoryId=3972&offerKey=3287b7d66eedf1eb91b3e2d021d3ca05&offerListId=587410-BE6B9725471F00BAF9CB702056B19A8D&pos=1&price=14.46&productid=587410&sid=289670&type=offer
01-CA-EDE-PS30,CACHAREL EDEN EDP-S 30ML,3360373048861.0,1000+,35.0,9.75,,,0.0,587410.0,Perfumeclick.co.uk,£16.40 £546.67/L,https://www.idealo.co.uk/relocator/relocate?categoryId=3972&offerKey=9624d9290c9d6d82fb2957efd3185328&offerListId=587410-BE6B9725471F00BAF9CB702056B19A8D&pos=2&price=16.40&productid=587410&sid=69736&type=offer
01-CA-EDE-PS30,CACHAREL EDEN EDP-S 30ML,3360373048861.0,1000+,35.0,9.75,,,0.0,587410.0,ebay.co.uk,£16.76 £558.67/L,https://www.idealo.co.uk/relocator/relocate?categoryId=3972&offerKey=2d28d3c49a14035177479a50fa863d59&offerListId=587410-BE6B9725471F00BAF9CB702056B19A8D&pos=3&price=16.76&productid=587410&sid=22818&type=offer
01-CA-EDE-PS30,CACHAREL EDEN EDP-S 30ML,3360373048861.0,1000+,35.0,9.75,,,0.0,587410.0,cosmetify.com,£17.22 £574.00/L,https://www.idealo.co.uk/relocator/relocate?categoryId=3972&offerKey=16816806d4ae5dd886caee7c3a323052&offerListId=587410-BE6B9725471F00BAF9CB702056B19A8D&pos=4&price=17.22&productid=587410&sid=329503&type=offer
01-CA-EDE-PS30,CACHAREL EDEN EDP-S 30ML,3360373048861.0,1000+,35.0,9.75,,,0.0,587410.0,perfumeuk.co.uk,£17.50 £583.33/L,https://www.idealo.co.uk/relocator/relocate?categoryId=3972&offerKey=d49ac93a82e4d349992860fb1237f5d0&offerListId=587410-BE6B9725471F00BAF9CB702056B19A8D&pos=5&price=17.50&productid=587410&sid=323991&type=offer
01-CA-EDE-PS30,CACHAREL EDEN EDP-S 30ML,3360373048861.0,1000+,35.0,9.75,,,0.0,587410.0,onbuy.com,£17.99 £599.67/L,https://www.idealo.co.uk/relocator/relocate?categoryId=3972&offerKey=8c25befa05b43a997da8529d7684c3c3&offerListId=587410-BE6B9725471F00BAF9CB702056B19A8D&pos=6&price=17.99&productid=587410&sid=316895&type=offer
01-CA-EDE-PS30,CACHAREL EDEN EDP-S 30ML,3360373048861.0,1000+,35.0,9.75,,,0.0,587410.0,Thefragrancecounter.com (UK),£18.50 £616.67/L,https://www.idealo.co.uk/relocator/relocate?categoryId=3972&offerKey=0b33b91e8f13a71004ef40edbd6191e2&offerListId=587410-BE6B9725471F00BAF9CB702056B19A8D&pos=7&price=18.50&productid=587410&sid=299378&type=offer
01-CA-EDE-PS30,CACHAREL EDEN EDP-S 30ML,3360373048861.0,1000+,35.0,9.75,,,0.0,587410.0,secretsales.com (UK),£18.81 £627.00/L,https://www.idealo.co.uk/relocator/relocate?categoryId=3972&offerKey=0201e1de813cdb3c3cd05a918d64850b&offerListId=587410-BE6B9725471F00BAF9CB702056B19A8D&pos=8&price=18.81&productid=587410&sid=324015&type=offer
01-CA-EDE-PS30,CACHAREL EDEN EDP-S 30ML,3360373048861.0,1000+,35.0,9.75,,,0.0,587410.0,Pharmacy2u.co.uk,£19.50 £650.00/L,https://www.idealo.co.uk/relocator/relocate?categoryId=3972&offerKey=7c58e502a39abcd64133c76bb9e0a5ec&offerListId=587410-BE6B9725471F00BAF9CB702056B19A8D&pos=9&price=19.50&productid=587410&sid=25468&type=offer
01-CA-EDE-PS30,CACHAREL EDEN EDP-S 30ML,3360373048861.0,1000+,35.0,9.75,,,0.0,587410.0,Tjhughes.co.uk,£20.00 £666.67/L,https://www.idealo.co.uk/relocator/relocate?categoryId=3972&offerKey=d8d212214664264910cf4e0ee68b4161&offerListId=587410-BE6B9725471F00BAF9CB702056B19A8D&pos=10&price=20.00&productid=587410&sid=28759&type=offer
01-CA-EDE-PS30,CACHAREL EDEN EDP-S 30ML,3360373048861.0,1000+,35.0,9.75,,,0.0,587410.0,amazon.co.uk,£20.50 £683.33/L,https://www.idealo.co.uk/relocator/relocate?categoryId=3972&offerKey=e4cf8b53ba6394c77c5cd47c4bf40564&offerListId=587410-BE6B9725471F00BAF9CB702056B19A8D&pos=11&price=20.50&productid=587410&sid=12004&type=offer
01-CA-EDE-PS30,CACHAREL EDEN EDP-S 30ML,3360373048861.0,1000+,35.0,9.75,,,0.0,587410.0,Dressinn.com (UK),£20.99 £699.67/L,https://www.idealo.co.uk/relocator/relocate?categoryId=3972&offerKey=6132c622efcd6cc9521808d308273622&offerListId=587410-BE6B9725471F00BAF9CB702056B19A8D&pos=12&price=20.99&productid=587410&sid=318629&type=offer
01-CA-EDE-PS30,CACHAREL EDEN EDP-S 30ML,3360373048861.0,1000+,35.0,9.75,,,0.0,587410.0,parfumdreams.co.uk,£21.45 £715.00/L,https://www.idealo.co.uk/relocator/relocate?categoryId=3972&offerKey=92d2be8995af746fb0f529218007d664&offerListId=587410-BE6B9725471F00BAF9CB702056B19A8D&pos=13&price=21.45&productid=587410&sid=316458&type=offer
01-CA-EDE-PS30,CACHAREL EDEN EDP-S 30ML,3360373048861.0,1000+,35.0,9.75,,,0.0,587410.0,groupon.co.uk,£21.90 £730.00/L,https://www.idealo.co.uk/relocator/relocate?categoryId=3972&offerKey=337a4bbbe9e4c42eabcaed51bbff4840&offerListId=587410-BE6B9725471F00BAF9CB702056B19A8D&pos=14&price=21.90&productid=587410&sid=313205&type=offer
01-CA-EDE-PS30,CACHAREL EDEN EDP-S 30ML,3360373048861.0,1000+,35.0,9.75,,,0.0,587410.0,escentual.com(UK),£23.40 £780.00/L,https://www.idealo.co.uk/relocator/relocate?categoryId=3972&offerKey=3bdea7eccbae404bc67146f26ae74767&offerListId=587410-BE6B9725471F00BAF9CB702056B19A8D&pos=15&price=23.40&productid=587410&sid=21988&type=offer
01-CA-EDE-PS30,CACHAREL EDEN EDP-S 30ML,3360373048861.0,1000+,35.0,9.75,,,0.0,587410.0,Expresschemist.co.uk,£23.49 £783.00/L,https://www.idealo.co.uk/relocator/relocate?categoryId=3972&offerKey=e47c42c840f5f0c347a8678539dc7a8d&offerListId=587410-BE6B9725471F00BAF9CB702056B19A8D&pos=16&price=23.49&productid=587410&sid=22167&type=offer
01-CA-EDE-PS30,CACHAREL EDEN EDP-S 30ML,3360373048861.0,1000+,35.0,9.75,,,0.0,587410.0,Boots.com (UK),£24.00 £800.00/L,https://www.idealo.co.uk/relocator/relocate?categoryId=3972&offerKey=c3ddb482768dabd389317371cd72d7f2&offerListId=587410-BE6B9725471F00BAF9CB702056B19A8D&pos=17&price=24.00&productid=587410&sid=27286&type=offer
01-CA-EDE-PS30,CACHAREL EDEN EDP-S 30ML,3360373048861.0,1000+,35.0,9.75,,,0.0,587410.0,beautybase.com(UK),£25.00 £833.33/L,https://www.idealo.co.uk/relocator/relocate?categoryId=3972&offerKey=ca34cd7eff09aaf220701a202a708cad&offerListId=587410-BE6B9725471F00BAF9CB702056B19A8D&pos=18&price=25.00&productid=587410&sid=299115&type=offer
01-CA-EDE-PS30,CACHAREL EDEN EDP-S 30ML,3360373048861.0,1000+,35.0,9.75,,,0.0,587410.0,onbuy.com,£27.45 £915.00/L,https://www.idealo.co.uk/relocator/relocate?categoryId=3972&offerKey=08ee41613ef06c8c99bf4d20479b6c37&offerListId=587410-BE6B9725471F00BAF9CB702056B19A8D&pos=19&price=27.45&productid=587410&sid=316895&type=offer
01-CA-EDE-PS30,CACHAREL EDEN EDP-S 30ML,3360373048861.0,1000+,35.0,9.75,,,0.0,587410.0,my-origines.com(UK),£28.37 £945.67/L,https://www.idealo.co.uk/relocator/relocate?categoryId=3972&offerKey=27433c9dc129ea0a3edeac5b57f6e801&offerListId=587410-BE6B9725471F00BAF9CB702056B19A8D&pos=20&price=28.37&productid=587410&sid=328503&type=offer
01-CA-NOA-TS50,CACHAREL NOA EDT-S 50ML,3360373016341.0,103,55.0,14.95,,,0.0,588787.0,Perfumeclick.co.uk,£21.60 £432.00/L,https://www.idealo.co.uk/relocator/relocate?categoryId=3972&offerKey=c20ed1e9cbf676aa400c92e7dfac2b78&offerListId=588787-3AA7CF159137659DDA34F38AF91A13DB&pos=1&price=21.60&productid=588787&sid=69736&type=offer
01-CA-NOA-TS50,CACHAREL NOA EDT-S 50ML,3360373016341.0,103,55.0,14.95,,,0.0,588787.0,cosmetify.com,£22.68 £453.60/L,https://www.idealo.co.uk/relocator/relocate?categoryId=3972&offerKey=22395dc05837f82f2cf5ebaae0f0d7f7&offerListId=588787-3AA7CF159137659DDA34F38AF91A13DB&pos=2&price=22.68&productid=588787&sid=329503&type=offer
01-CA-NOA-TS50,CACHAREL NOA EDT-S 50ML,3360373016341.0,103,55.0,14.95,,,0.0,588787.0,ebay.co.uk,£23.49 £469.80/L,https://www.idealo.co.uk/relocator/relocate?categoryId=3972&offerKey=bcdaefd606443251be4e7b95f97bd575&offerListId=588787-3AA7CF159137659DDA34F38AF91A13DB&pos=3&price=23.49&productid=588787&sid=22818&type=offer
01-CA-NOA-TS50,CACHAREL NOA EDT-S 50ML,3360373016341.0,103,55.0,14.95,,,0.0,588787.0,onbuy.com,£24.45 £489.00/L,https://www.idealo.co.uk/relocator/relocate?categoryId=3972&offerKey=ba99e9b03150448cdad061b0a14d6db7&offerListId=588787-3AA7CF159137659DDA34F38AF91A13DB&pos=4&price=24.45&productid=588787&sid=316895&type=offer
01-CA-NOA-TS50,CACHAREL NOA EDT-S 50ML,3360373016341.0,103,55.0,14.95,,,0.0,588787.0,allbeauty.com(UK),£24.60 £492.00/L,https://www.idealo.co.uk/relocator/relocate?categoryId=3972&offerKey=b3fe842f5b177424195e7537d1ab4d92&offerListId=588787-3AA7CF159137659DDA34F38AF91A13DB&pos=5&price=24.60&productid=588787&sid=28942&type=offer
01-CA-NOA-TS50,CACHAREL NOA EDT-S 50ML,3360373016341.0,103,55.0,14.95,,,0.0,588787.0,perfumedirect.com,£24.99 £499.80/L,https://www.idealo.co.uk/relocator/relocate?categoryId=3972&offerKey=7dc29ba5805c568a961b71c3739822e7&offerListId=588787-3AA7CF159137659DDA34F38AF91A13DB&pos=6&price=24.99&productid=588787&sid=318630&type=offer
01-CA-NOA-TS50,CACHAREL NOA EDT-S 50ML,3360373016341.0,103,55.0,14.95,,,0.0,588787.0,secretsales.com (UK),£26.51 £530.20/L,https://www.idealo.co.uk/relocator/relocate?categoryId=3972&offerKey=7399a013683142b0e41721cadf1376d7&offerListId=588787-3AA7CF159137659DDA34F38AF91A13DB&pos=7&price=26.51&productid=588787&sid=324015&type=offer
01-CA-NOA-TS50,CACHAREL NOA EDT-S 50ML,3360373016341.0,103,55.0,14.95,,,0.0,588787.0,Perfumeshopping.com(UK),£26.89 £537.80/L,https://www.idealo.co.uk/relocator/relocate?categoryId=3972&offerKey=dd177379eabac287d099ff79c56709fe&offerListId=588787-3AA7CF159137659DDA34F38AF91A13DB&pos=8&price=26.89&productid=588787&sid=282217&type=offer
01-CA-NOA-TS50,CACHAREL NOA EDT-S 50ML,3360373016341.0,103,55.0,14.95,,,0.0,588787.0,Fragrancedirect.co.uk,£27.95 £559.00/L,https://www.idealo.co.uk/relocator/relocate?categoryId=3972&offerKey=7c78a30582f4aedf7be736da975d4959&offerListId=588787-3AA7CF159137659DDA34F38AF91A13DB&pos=9&price=27.95&productid=588787&sid=21971&type=offer
01-CA-NOA-TS50,CACHAREL NOA EDT-S 50ML,3360373016341.0,103,55.0,14.95,,,0.0,588787.0,Dressinn.com (UK),£29.49 £589.80/L,https://www.idealo.co.uk/relocator/relocate?categoryId=3972&offerKey=459608fccb31f951bada52e88f967270&offerListId=588787-3AA7CF159137659DDA34F38AF91A13DB&pos=10&price=29.49&productid=588787&sid=318629&type=offer
01-CA-NOA-TS50,CACHAREL NOA EDT-S 50ML,3360373016341.0,103,55.0,14.95,,,0.0,588787.0,,£29.52 £590.40/L,https://www.idealo.co.uk/relocator/relocate?categoryId=3972&offerKey=4449a7d8faf6963ceb329652bc37014d&offerListId=588787-3AA7CF159137659DDA34F38AF91A13DB&pos=11&price=29.52&productid=588787&sid=307734&type=offer
01-CA-NOA-TS50,CACHAREL NOA EDT-S 50ML,3360373016341.0,103,55.0,14.95,,,0.0,588787.0,salontotal.co.uk,£29.60 £592.00/L,https://www.idealo.co.uk/relocator/relocate?categoryId=3972&offerKey=65a91aa43bc3ad9eefb21a41add38f76&offerListId=588787-3AA7CF159137659DDA34F38AF91A13DB&pos=12&price=29.60&productid=588787&sid=324505&type=offer
01-CA-NOA-TS50,CACHAREL NOA EDT-S 50ML,3360373016341.0,103,55.0,14.95,,,0.0,588787.0,Expresschemist.co.uk,£31.49 £629.80/L,https://www.idealo.co.uk/relocator/relocate?categoryId=3972&offerKey=adaaf037a2e25f799795d9851d628186&offerListId=588787-3AA7CF159137659DDA34F38AF91A13DB&pos=13&price=31.49&productid=588787&sid=22167&type=offer
01-CA-NOA-TS50,CACHAREL NOA EDT-S 50ML,3360373016341.0,103,55.0,14.95,,,0.0,588787.0,amazon.co.uk,£33.00 £660.00/L,https://www.idealo.co.uk/relocator/relocate?categoryId=3972&offerKey=1842644ae93073520a131da1cbddea6e&offerListId=588787-3AA7CF159137659DDA34F38AF91A13DB&pos=14&price=33.00&productid=588787&sid=12004&type=offer
01-CA-NOA-TS50,CACHAREL NOA EDT-S 50ML,3360373016341.0,103,55.0,14.95,,,0.0,588787.0,Boots.com (UK),£33.00 £660.00/L,https://www.idealo.co.uk/relocator/relocate?categoryId=3972&offerKey=61eeae476cfe660e29a575c17cd3ff60&offerListId=588787-3AA7CF159137659DDA34F38AF91A13DB&pos=15&price=33.00&productid=588787&sid=27286&type=offer
01-CA-NOA-TS50,CACHAREL NOA EDT-S 50ML,3360373016341.0,103,55.0,14.95,,,0.0,588787.0,my-origines.com(UK),£35.55 £711.00/L,https://www.idealo.co.uk/relocator/relocate?categoryId=3972&offerKey=168c37ba93b48a9a04ce9895847d350c&offerListId=588787-3AA7CF159137659DDA34F38AF91A13DB&pos=16&price=35.55&productid=588787&sid=328503&type=offer
01-CA-NOA-TS50,CACHAREL NOA EDT-S 50ML,3360373016341.0,103,55.0,14.95,,,0.0,588787.0,cazaar.co.uk,£38.16 £763.20/L,https://www.idealo.co.uk/relocator/relocate?categoryId=3972&offerKey=f377c051c28851308cb9a15c6d70a706&offerListId=588787-3AA7CF159137659DDA34F38AF91A13DB&pos=17&price=38.16&productid=588787&sid=331015&type=offer
01-CA-NOA-TS50,CACHAREL NOA EDT-S 50ML,3360373016341.0,103,55.0,14.95,,,0.0,588787.0,parfumdreams.co.uk,£38.33 £766.60/L,https://www.idealo.co.uk/relocator/relocate?categoryId=3972&offerKey=69cac3c6c3a92c0fa0b3ae43085b00d0&offerListId=588787-3AA7CF159137659DDA34F38AF91A13DB&pos=18&price=38.33&productid=588787&sid=316458&type=offer
01-CA-NOA-TS50,CACHAREL NOA EDT-S 50ML,3360373016341.0,103,55.0,14.95,,,0.0,588787.0,escentual.com(UK),£45.80 £916.00/L,https://www.idealo.co.uk/relocator/relocate?categoryId=3972&offerKey=6795113109d09ba4b52a3dc1d73de92b&offerListId=588787-3AA7CF159137659DDA34F38AF91A13DB&pos=19&price=45.80&productid=588787&sid=21988&type=offer
01-CA-NOA-TS50,CACHAREL NOA EDT-S 50ML,3360373016341.0,103,55.0,14.95,,,0.0,588787.0,Perfumeclick.co.uk,£21.60 £432.00/L,https://www.idealo.co.uk/relocator/relocate?categoryId=3972&offerKey=c20ed1e9cbf676aa400c92e7dfac2b78&offerListId=588787-3AA7CF159137659DDA34F38AF91A13DB&pos=1&price=21.60&productid=588787&sid=69736&type=offer
01-CA-NOA-TS50,CACHAREL NOA EDT-S 50ML,3360373016341.0,103,55.0,14.95,,,0.0,588787.0,cosmetify.com,£22.68 £453.60/L,https://www.idealo.co.uk/relocator/relocate?categoryId=3972&offerKey=22395dc05837f82f2cf5ebaae0f0d7f7&offerListId=588787-3AA7CF159137659DDA34F38AF91A13DB&pos=2&price=22.68&productid=588787&sid=329503&type=offer
01-CA-NOA-TS50,CACHAREL NOA EDT-S 50ML,3360373016341.0,103,55.0,14.95,,,0.0,588787.0,ebay.co.uk,£23.49 £469.80/L,https://www.idealo.co.uk/relocator/relocate?categoryId=3972&offerKey=bcdaefd606443251be4e7b95f97bd575&offerListId=588787-3AA7CF159137659DDA34F38AF91A13DB&pos=3&price=23.49&productid=588787&sid=22818&type=offer
01-CA-NOA-TS50,CACHAREL NOA EDT-S 50ML,3360373016341.0,103,55.0,14.95,,,0.0,588787.0,onbuy.com,£24.45 £489.00/L,https://www.idealo.co.uk/relocator/relocate?categoryId=3972&offerKey=ba99e9b03150448cdad061b0a14d6db7&offerListId=588787-3AA7CF159137659DDA34F38AF91A13DB&pos=4&price=24.45&productid=588787&sid=316895&type=offer
01-CA-NOA-TS50,CACHAREL NOA EDT-S 50ML,3360373016341.0,103,55.0,14.95,,,0.0,588787.0,allbeauty.com(UK),£24.60 £492.00/L,https://www.idealo.co.uk/relocator/relocate?categoryId=3972&offerKey=b3fe842f5b177424195e7537d1ab4d92&offerListId=588787-3AA7CF159137659DDA34F38AF91A13DB&pos=5&price=24.60&productid=588787&sid=28942&type=offer
01-CA-NOA-TS50,CACHAREL NOA EDT-S 50ML,3360373016341.0,103,55.0,14.95,,,0.0,588787.0,perfumedirect.com,£24.99 £499.80/L,https://www.idealo.co.uk/relocator/relocate?categoryId=3972&offerKey=7dc29ba5805c568a961b71c3739822e7&offerListId=588787-3AA7CF159137659DDA34F38AF91A13DB&pos=6&price=24.99&productid=588787&sid=318630&type=offer
01-CA-NOA-TS50,CACHAREL NOA EDT-S 50ML,3360373016341.0,103,55.0,14.95,,,0.0,588787.0,secretsales.com (UK),£26.51 £530.20/L,https://www.idealo.co.uk/relocator/relocate?categoryId=3972&offerKey=7399a013683142b0e41721cadf1376d7&offerListId=588787-3AA7CF159137659DDA34F38AF91A13DB&pos=7&price=26.51&productid=588787&sid=324015&type=offer
01-CA-NOA-TS50,CACHAREL NOA EDT-S 50ML,3360373016341.0,103,55.0,14.95,,,0.0,588787.0,Perfumeshopping.com(UK),£26.89 £537.80/L,https://www.idealo.co.uk/relocator/relocate?categoryId=3972&offerKey=dd177379eabac287d099ff79c56709fe&offerListId=588787-3AA7CF159137659DDA34F38AF91A13DB&pos=8&price=26.89&productid=588787&sid=282217&type=offer
01-CA-NOA-TS50,CACHAREL NOA EDT-S 50ML,3360373016341.0,103,55.0,14.95,,,0.0,588787.0,Fragrancedirect.co.uk,£27.95 £559.00/L,https://www.idealo.co.uk/relocator/relocate?categoryId=3972&offerKey=7c78a30582f4aedf7be736da975d4959&offerListId=588787-3AA7CF159137659DDA34F38AF91A13DB&pos=9&price=27.95&productid=588787&sid=21971&type=offer
01-CA-NOA-TS50,CACHAREL NOA EDT-S 50ML,3360373016341.0,103,55.0,14.95,,,0.0,588787.0,Dressinn.com (UK),£29.49 £589.80/L,https://www.idealo.co.uk/relocator/relocate?categoryId=3972&offerKey=459608fccb31f951bada52e88f967270&offerListId=588787-3AA7CF159137659DDA34F38AF91A13DB&pos=10&price=29.49&productid=588787&sid=318629&type=offer
01-CA-NOA-TS50,CACHAREL NOA EDT-S 50ML,3360373016341.0,103,55.0,14.95,,,0.0,588787.0,,£29.52 £590.40/L,https://www.idealo.co.uk/relocator/relocate?categoryId=3972&offerKey=4449a7d8faf6963ceb329652bc37014d&offerListId=588787-3AA7CF159137659DDA34F38AF91A13DB&pos=11&price=29.52&productid=588787&sid=307734&type=offer
01-CA-NOA-TS50,CACHAREL NOA EDT-S 50ML,3360373016341.0,103,55.0,14.95,,,0.0,588787.0,salontotal.co.uk,£29.60 £592.00/L,https://www.idealo.co.uk/relocator/relocate?categoryId=3972&offerKey=65a91aa43bc3ad9eefb21a41add38f76&offerListId=588787-3AA7CF159137659DDA34F38AF91A13DB&pos=12&price=29.60&productid=588787&sid=324505&type=offer
01-CA-NOA-TS50,CACHAREL NOA EDT-S 50ML,3360373016341.0,103,55.0,14.95,,,0.0,588787.0,Expresschemist.co.uk,£31.49 £629.80/L,https://www.idealo.co.uk/relocator/relocate?categoryId=3972&offerKey=adaaf037a2e25f799795d9851d628186&offerListId=588787-3AA7CF159137659DDA34F38AF91A13DB&pos=13&price=31.49&productid=588787&sid=22167&type=offer
01-CA-NOA-TS50,CACHAREL NOA EDT-S 50ML,3360373016341.0,103,55.0,14.95,,,0.0,588787.0,amazon.co.uk,£33.00 £660.00/L,https://www.idealo.co.uk/relocator/relocate?categoryId=3972&offerKey=1842644ae93073520a131da1cbddea6e&offerListId=588787-3AA7CF159137659DDA34F38AF91A13DB&pos=14&price=33.00&productid=588787&sid=12004&type=offer
01-CA-NOA-TS50,CACHAREL NOA EDT-S 50ML,3360373016341.0,103,55.0,14.95,,,0.0,588787.0,Boots.com (UK),£33.00 £660.00/L,https://www.idealo.co.uk/relocator/relocate?categoryId=3972&offerKey=61eeae476cfe660e29a575c17cd3ff60&offerListId=588787-3AA7CF159137659DDA34F38AF91A13DB&pos=15&price=33.00&productid=588787&sid=27286&type=offer
01-CA-NOA-TS50,CACHAREL NOA EDT-S 50ML,3360373016341.0,103,55.0,14.95,,,0.0,588787.0,my-origines.com(UK),£35.55 £711.00/L,https://www.idealo.co.uk/relocator/relocate?categoryId=3972&offerKey=168c37ba93b48a9a04ce9895847d350c&offerListId=588787-3AA7CF159137659DDA34F38AF91A13DB&pos=16&price=35.55&productid=588787&sid=328503&type=offer
01-CA-NOA-TS50,CACHAREL NOA EDT-S 50ML,3360373016341.0,103,55.0,14.95,,,0.0,588787.0,cazaar.co.uk,£38.16 £763.20/L,https://www.idealo.co.uk/relocator/relocate?categoryId=3972&offerKey=f377c051c28851308cb9a15c6d70a706&offerListId=588787-3AA7CF159137659DDA34F38AF91A13DB&pos=17&price=38.16&productid=588787&sid=331015&type=offer
01-CA-NOA-TS50,CACHAREL NOA EDT-S 50ML,3360373016341.0,103,55.0,14.95,,,0.0,588787.0,parfumdreams.co.uk,£38.33 £766.60/L,https://www.idealo.co.uk/relocator/relocate?categoryId=3972&offerKey=69cac3c6c3a92c0fa0b3ae43085b00d0&offerListId=588787-3AA7CF159137659DDA34F38AF91A13DB&pos=18&price=38.33&productid=588787&sid=316458&type=offer
01-CA-NOA-TS50,CACHAREL NOA EDT-S 50ML,3360373016341.0,103,55.0,14.95,,,0.0,588787.0,escentual.com(UK),£45.80 £916.00/L,https://www.idealo.co.uk/relocator/relocate?categoryId=3972&offerKey=6795113109d09ba4b52a3dc1d73de92b&offerListId=588787-3AA7CF159137659DDA34F38AF91A13DB&pos=19&price=45.80&productid=588787&sid=21988&type=offer
01-CA-NOA-TS50-UK,CACHAREL NOA EDT-S 50ML,3360373016341.0,89,55.0,14.95,,,0.0,588787.0,Perfumeclick.co.uk,£21.60 £432.00/L,https://www.idealo.co.uk/relocator/relocate?categoryId=3972&offerKey=c20ed1e9cbf676aa400c92e7dfac2b78&offerListId=588787-3AA7CF159137659DDA34F38AF91A13DB&pos=1&price=21.60&productid=588787&sid=69736&type=offer
01-CA-NOA-TS50-UK,CACHAREL NOA EDT-S 50ML,3360373016341.0,89,55.0,14.95,,,0.0,588787.0,cosmetify.com,£22.68 £453.60/L,https://www.idealo.co.uk/relocator/relocate?categoryId=3972&offerKey=22395dc05837f82f2cf5ebaae0f0d7f7&offerListId=588787-3AA7CF159137659DDA34F38AF91A13DB&pos=2&price=22.68&productid=588787&sid=329503&type=offer
01-CA-NOA-TS50-UK,CACHAREL NOA EDT-S 50ML,3360373016341.0,89,55.0,14.95,,,0.0,588787.0,ebay.co.uk,£23.49 £469.80/L,https://www.idealo.co.uk/relocator/relocate?categoryId=3972&offerKey=bcdaefd606443251be4e7b95f97bd575&offerListId=588787-3AA7CF159137659DDA34F38AF91A13DB&pos=3&price=23.49&productid=588787&sid=22818&type=offer
01-CA-NOA-TS50-UK,CACHAREL NOA EDT-S 50ML,3360373016341.0,89,55.0,14.95,,,0.0,588787.0,onbuy.com,£24.45 £489.00/L,https://www.idealo.co.uk/relocator/relocate?categoryId=3972&offerKey=ba99e9b03150448cdad061b0a14d6db7&offerListId=588787-3AA7CF159137659DDA34F38AF91A13DB&pos=4&price=24.45&productid=588787&sid=316895&type=offer
01-CA-NOA-TS50-UK,CACHAREL NOA EDT-S 50ML,3360373016341.0,89,55.0,14.95,,,0.0,588787.0,allbeauty.com(UK),£24.60 £492.00/L,https://www.idealo.co.uk/relocator/relocate?categoryId=3972&offerKey=b3fe842f5b177424195e7537d1ab4d92&offerListId=588787-3AA7CF159137659DDA34F38AF91A13DB&pos=5&price=24.60&productid=588787&sid=28942&type=offer
01-CA-NOA-TS50-UK,CACHAREL NOA EDT-S 50ML,3360373016341.0,89,55.0,14.95,,,0.0,588787.0,perfumedirect.com,£24.99 £499.80/L,https://www.idealo.co.uk/relocator/relocate?categoryId=3972&offerKey=7dc29ba5805c568a961b71c3739822e7&offerListId=588787-3AA7CF159137659DDA34F38AF91A13DB&pos=6&price=24.99&productid=588787&sid=318630&type=offer
01-CA-NOA-TS50-UK,CACHAREL NOA EDT-S 50ML,3360373016341.0,89,55.0,14.95,,,0.0,588787.0,secretsales.com (UK),£26.51 £530.20/L,https://www.idealo.co.uk/relocator/relocate?categoryId=3972&offerKey=7399a013683142b0e41721cadf1376d7&offerListId=588787-3AA7CF159137659DDA34F38AF91A13DB&pos=7&price=26.51&productid=588787&sid=324015&type=offer
01-CA-NOA-TS50-UK,CACHAREL NOA EDT-S 50ML,3360373016341.0,89,55.0,14.95,,,0.0,588787.0,Perfumeshopping.com(UK),£26.89 £537.80/L,https://www.idealo.co.uk/relocator/relocate?categoryId=3972&offerKey=dd177379eabac287d099ff79c56709fe&offerListId=588787-3AA7CF159137659DDA34F38AF91A13DB&pos=8&price=26.89&productid=588787&sid=282217&type=offer
01-CA-NOA-TS50-UK,CACHAREL NOA EDT-S 50ML,3360373016341.0,89,55.0,14.95,,,0.0,588787.0,Fragrancedirect.co.uk,£27.95 £559.00/L,https://www.idealo.co.uk/relocator/relocate?categoryId=3972&offerKey=7c78a30582f4aedf7be736da975d4959&offerListId=588787-3AA7CF159137659DDA34F38AF91A13DB&pos=9&price=27.95&productid=588787&sid=21971&type=offer
01-CA-NOA-TS50-UK,CACHAREL NOA EDT-S 50ML,3360373016341.0,89,55.0,14.95,,,0.0,588787.0,Dressinn.com (UK),£29.49 £589.80/L,https://www.idealo.co.uk/relocator/relocate?categoryId=3972&offerKey=459608fccb31f951bada52e88f967270&offerListId=588787-3AA7CF159137659DDA34F38AF91A13DB&pos=10&price=29.49&productid=588787&sid=318629&type=offer
01-CA-NOA-TS50-UK,CACHAREL NOA EDT-S 50ML,3360373016341.0,89,55.0,14.95,,,0.0,588787.0,,£29.52 £590.40/L,https://www.idealo.co.uk/relocator/relocate?categoryId=3972&offerKey=4449a7d8faf6963ceb329652bc37014d&offerListId=588787-3AA7CF159137659DDA34F38AF91A13DB&pos=11&price=29.52&productid=588787&sid=307734&type=offer
01-CA-NOA-TS50-UK,CACHAREL NOA EDT-S 50ML,3360373016341.0,89,55.0,14.95,,,0.0,588787.0,salontotal.co.uk,£29.60 £592.00/L,https://www.idealo.co.uk/relocator/relocate?categoryId=3972&offerKey=65a91aa43bc3ad9eefb21a41add38f76&offerListId=588787-3AA7CF159137659DDA34F38AF91A13DB&pos=12&price=29.60&productid=588787&sid=324505&type=offer
01-CA-NOA-TS50-UK,CACHAREL NOA EDT-S 50ML,3360373016341.0,89,55.0,14.95,,,0.0,588787.0,Expresschemist.co.uk,£31.49 £629.80/L,https://www.idealo.co.uk/relocator/relocate?categoryId=3972&offerKey=adaaf037a2e25f799795d9851d628186&offerListId=588787-3AA7CF159137659DDA34F38AF91A13DB&pos=13&price=31.49&productid=588787&sid=22167&type=offer
01-CA-NOA-TS50-UK,CACHAREL NOA EDT-S 50ML,3360373016341.0,89,55.0,14.95,,,0.0,588787.0,amazon.co.uk,£33.00 £660.00/L,https://www.idealo.co.uk/relocator/relocate?categoryId=3972&offerKey=1842644ae93073520a131da1cbddea6e&offerListId=588787-3AA7CF159137659DDA34F38AF91A13DB&pos=14&price=33.00&productid=588787&sid=12004&type=offer
01-CA-NOA-TS50-UK,CACHAREL NOA EDT-S 50ML,3360373016341.0,89,55.0,14.95,,,0.0,588787.0,Boots.com (UK),£33.00 £660.00/L,https://www.idealo.co.uk/relocator/relocate?categoryId=3972&offerKey=61eeae476cfe660e29a575c17cd3ff60&offerListId=588787-3AA7CF159137659DDA34F38AF91A13DB&pos=15&price=33.00&productid=588787&sid=27286&type=offer
01-CA-NOA-TS50-UK,CACHAREL NOA EDT-S 50ML,3360373016341.0,89,55.0,14.95,,,0.0,588787.0,my-origines.com(UK),£35.55 £711.00/L,https://www.idealo.co.uk/relocator/relocate?categoryId=3972&offerKey=168c37ba93b48a9a04ce9895847d350c&offerListId=588787-3AA7CF159137659DDA34F38AF91A13DB&pos=16&price=35.55&productid=588787&sid=328503&type=offer
01-CA-NOA-TS50-UK,CACHAREL NOA EDT-S 50ML,3360373016341.0,89,55.0,14.95,,,0.0,588787.0,cazaar.co.uk,£38.16 £763.20/L,https://www.idealo.co.uk/relocator/relocate?categoryId=3972&offerKey=f377c051c28851308cb9a15c6d70a706&offerListId=588787-3AA7CF159137659DDA34F38AF91A13DB&pos=17&price=38.16&productid=588787&sid=331015&type=offer
01-CA-NOA-TS50-UK,CACHAREL NOA EDT-S 50ML,3360373016341.0,89,55.0,14.95,,,0.0,588787.0,parfumdreams.co.uk,£38.33 £766.60/L,https://www.idealo.co.uk/relocator/relocate?categoryId=3972&offerKey=69cac3c6c3a92c0fa0b3ae43085b00d0&offerListId=588787-3AA7CF159137659DDA34F38AF91A13DB&pos=18&price=38.33&productid=588787&sid=316458&type=offer
01-CA-NOA-TS50-UK,CACHAREL NOA EDT-S 50ML,3360373016341.0,89,55.0,14.95,,,0.0,588787.0,escentual.com(UK),£45.80 £916.00/L,https://www.idealo.co.uk/relocator/relocate?categoryId=3972&offerKey=6795113109d09ba4b52a3dc1d73de92b&offerListId=588787-3AA7CF159137659DDA34F38AF91A13DB&pos=19&price=45.80&productid=588787&sid=21988&type=offer
01-CA-NOA-TS50-UK,CACHAREL NOA EDT-S 50ML,3360373016341.0,89,55.0,14.95,,,0.0,588787.0,Perfumeclick.co.uk,£21.60 £432.00/L,https://www.idealo.co.uk/relocator/relocate?categoryId=3972&offerKey=c20ed1e9cbf676aa400c92e7dfac2b78&offerListId=588787-3AA7CF159137659DDA34F38AF91A13DB&pos=1&price=21.60&productid=588787&sid=69736&type=offer
01-CA-NOA-TS50-UK,CACHAREL NOA EDT-S 50ML,3360373016341.0,89,55.0,14.95,,,0.0,588787.0,cosmetify.com,£22.68 £453.60/L,https://www.idealo.co.uk/relocator/relocate?categoryId=3972&offerKey=22395dc05837f82f2cf5ebaae0f0d7f7&offerListId=588787-3AA7CF159137659DDA34F38AF91A13DB&pos=2&price=22.68&productid=588787&sid=329503&type=offer
01-CA-NOA-TS50-UK,CACHAREL NOA EDT-S 50ML,3360373016341.0,89,55.0,14.95,,,0.0,588787.0,ebay.co.uk,£23.49 £469.80/L,https://www.idealo.co.uk/relocator/relocate?categoryId=3972&offerKey=bcdaefd606443251be4e7b95f97bd575&offerListId=588787-3AA7CF159137659DDA34F38AF91A13DB&pos=3&price=23.49&productid=588787&sid=22818&type=offer
01-CA-NOA-TS50-UK,CACHAREL NOA EDT-S 50ML,3360373016341.0,89,55.0,14.95,,,0.0,588787.0,onbuy.com,£24.45 £489.00/L,https://www.idealo.co.uk/relocator/relocate?categoryId=3972&offerKey=ba99e9b03150448cdad061b0a14d6db7&offerListId=588787-3AA7CF159137659DDA34F38AF91A13DB&pos=4&price=24.45&productid=588787&sid=316895&type=offer
01-CA-NOA-TS50-UK,CACHAREL NOA EDT-S 50ML,3360373016341.0,89,55.0,14.95,,,0.0,588787.0,allbeauty.com(UK),£24.60 £492.00/L,https://www.idealo.co.uk/relocator/relocate?categoryId=3972&offerKey=b3fe842f5b177424195e7537d1ab4d92&offerListId=588787-3AA7CF159137659DDA34F38AF91A13DB&pos=5&price=24.60&productid=588787&sid=28942&type=offer
01-CA-NOA-TS50-UK,CACHAREL NOA EDT-S 50ML,3360373016341.0,89,55.0,14.95,,,0.0,588787.0,perfumedirect.com,£24.99 £499.80/L,https://www.idealo.co.uk/relocator/relocate?categoryId=3972&offerKey=7dc29ba5805c568a961b71c3739822e7&offerListId=588787-3AA7CF159137659DDA34F38AF91A13DB&pos=6&price=24.99&productid=588787&sid=318630&type=offer
01-CA-NOA-TS50-UK,CACHAREL NOA EDT-S 50ML,3360373016341.0,89,55.0,14.95,,,0.0,588787.0,secretsales.com (UK),£26.51 £530.20/L,https://www.idealo.co.uk/relocator/relocate?categoryId=3972&offerKey=7399a013683142b0e41721cadf1376d7&offerListId=588787-3AA7CF159137659DDA34F38AF91A13DB&pos=7&price=26.51&productid=588787&sid=324015&type=offer
01-CA-NOA-TS50-UK,CACHAREL NOA EDT-S 50ML,3360373016341.0,89,55.0,14.95,,,0.0,588787.0,Perfumeshopping.com(UK),£26.89 £537.80/L,https://www.idealo.co.uk/relocator/relocate?categoryId=3972&offerKey=dd177379eabac287d099ff79c56709fe&offerListId=588787-3AA7CF159137659DDA34F38AF91A13DB&pos=8&price=26.89&productid=588787&sid=282217&type=offer
01-CA-NOA-TS50-UK,CACHAREL NOA EDT-S 50ML,3360373016341.0,89,55.0,14.95,,,0.0,588787.0,Fragrancedirect.co.uk,£27.95 £559.00/L,https://www.idealo.co.uk/relocator/relocate?categoryId=3972&offerKey=7c78a30582f4aedf7be736da975d4959&offerListId=588787-3AA7CF159137659DDA34F38AF91A13DB&pos=9&price=27.95&productid=588787&sid=21971&type=offer
01-CA-NOA-TS50-UK,CACHAREL NOA EDT-S 50ML,3360373016341.0,89,55.0,14.95,,,0.0,588787.0,Dressinn.com (UK),£29.49 £589.80/L,https://www.idealo.co.uk/relocator/relocate?categoryId=3972&offerKey=459608fccb31f951bada52e88f967270&offerListId=588787-3AA7CF159137659DDA34F38AF91A13DB&pos=10&price=29.49&productid=588787&sid=318629&type=offer
01-CA-NOA-TS50-UK,CACHAREL NOA EDT-S 50ML,3360373016341.0,89,55.0,14.95,,,0.0,588787.0,,£29.52 £590.40/L,https://www.idealo.co.uk/relocator/relocate?categoryId=3972&offerKey=4449a7d8faf6963ceb329652bc37014d&offerListId=588787-3AA7CF159137659DDA34F38AF91A13DB&pos=11&price=29.52&productid=588787&sid=307734&type=offer
01-CA-NOA-TS50-UK,CACHAREL NOA EDT-S 50ML,3360373016341.0,89,55.0,14.95,,,0.0,588787.0,salontotal.co.uk,£29.60 £592.00/L,https://www.idealo.co.uk/relocator/relocate?categoryId=3972&offerKey=65a91aa43bc3ad9eefb21a41add38f76&offerListId=588787-3AA7CF159137659DDA34F38AF91A13DB&pos=12&price=29.60&productid=588787&sid=324505&type=offer
01-CA-NOA-TS50-UK,CACHAREL NOA EDT-S 50ML,3360373016341.0,89,55.0,14.95,,,0.0,588787.0,Expresschemist.co.uk,£31.49 £629.80/L,https://www.idealo.co.uk/relocator/relocate?categoryId=3972&offerKey=adaaf037a2e25f799795d9851d628186&offerListId=588787-3AA7CF159137659DDA34F38AF91A13DB&pos=13&price=31.49&productid=588787&sid=22167&type=offer
01-CA-NOA-TS50-UK,CACHAREL NOA EDT-S 50ML,3360373016341.0,89,55.0,14.95,,,0.0,588787.0,amazon.co.uk,£33.00 £660.00/L,https://www.idealo.co.uk/relocator/relocate?categoryId=3972&offerKey=1842644ae93073520a131da1cbddea6e&offerListId=588787-3AA7CF159137659DDA34F38AF91A13DB&pos=14&price=33.00&productid=588787&sid=12004&type=offer
01-CA-NOA-TS50-UK,CACHAREL NOA EDT-S 50ML,3360373016341.0,89,55.0,14.95,,,0.0,588787.0,Boots.com (UK),£33.00 £660.00/L,https://www.idealo.co.uk/relocator/relocate?categoryId=3972&offerKey=61eeae476cfe660e29a575c17cd3ff60&offerListId=588787-3AA7CF159137659DDA34F38AF91A13DB&pos=15&price=33.00&productid=588787&sid=27286&type=offer
01-CA-NOA-TS50-UK,CACHAREL NOA EDT-S 50ML,3360373016341.0,89,55.0,14.95,,,0.0,588787.0,my-origines.com(UK),£35.55 £711.00/L,https://www.idealo.co.uk/relocator/relocate?categoryId=3972&offerKey=168c37ba93b48a9a04ce9895847d350c&offerListId=588787-3AA7CF159137659DDA34F38AF91A13DB&pos=16&price=35.55&productid=588787&sid=328503&type=offer
01-CA-NOA-TS50-UK,CACHAREL NOA EDT-S 50ML,3360373016341.0,89,55.0,14.95,,,0.0,588787.0,cazaar.co.uk,£38.16 £763.20/L,https://www.idealo.co.uk/relocator/relocate?categoryId=3972&offerKey=f377c051c28851308cb9a15c6d70a706&offerListId=588787-3AA7CF159137659DDA34F38AF91A13DB&pos=17&price=38.16&productid=588787&sid=331015&type=offer
01-CA-NOA-TS50-UK,CACHAREL NOA EDT-S 50ML,3360373016341.0,89,55.0,14.95,,,0.0,588787.0,parfumdreams.co.uk,£38.33 £766.60/L,https://www.idealo.co.uk/relocator/relocate?categoryId=3972&offerKey=69cac3c6c3a92c0fa0b3ae43085b00d0&offerListId=588787-3AA7CF159137659DDA34F38AF91A13DB&pos=18&price=38.33&productid=588787&sid=316458&type=offer
01-CA-NOA-TS50-UK,CACHAREL NOA EDT-S 50ML,3360373016341.0,89,55.0,14.95,,,0.0,588787.0,escentual.com(UK),£45.80 £916.00/L,https://www.idealo.co.uk/relocator/relocate?categoryId=3972&offerKey=6795113109d09ba4b52a3dc1d73de92b&offerListId=588787-3AA7CF159137659DDA34F38AF91A13DB&pos=19&price=45.80&productid=588787&sid=21988&type=offer
01-CA-YIAD-PS50,CACHAREL YES I AM DELICIOUS EDP-S 50ML,3614273476140.0,1000+,78.0,9.95,,,0.0,201812558.0,ebay.co.uk,£18.95 £379.00/L,https://www.idealo.co.uk/relocator/relocate?categoryId=3972&offerKey=60fd39377a947089ec5c83650bf28373&offerListId=201812558-4624C1C5758D53725F15F5C6A9333F4C&pos=1&price=18.95&productid=201812558&sid=22818&type=offer
01-CA-YIAD-PS50,CACHAREL YES I AM DELICIOUS EDP-S 50ML,3614273476140.0,1000+,78.0,9.95,,,0.0,201812558.0,onbuy.com,£24.40 £488.00/L,https://www.idealo.co.uk/relocator/relocate?categoryId=3972&offerKey=ba21a6f8f2da3e91a2632ae944fe2894&offerListId=201812558-4624C1C5758D53725F15F5C6A9333F4C&pos=2&price=24.40&productid=201812558&sid=316895&type=offer
01-CA-YIAD-PS50,CACHAREL YES I AM DELICIOUS EDP-S 50ML,3614273476140.0,1000+,78.0,9.95,,,0.0,201812558.0,Luxplus.co.uk,£39.99 £799.80/L,https://www.idealo.co.uk/relocator/relocate?categoryId=3972&offerKey=58703d93bafe43c8f017ce7538336152&offerListId=201812558-4624C1C5758D53725F15F5C6A9333F4C&pos=3&price=39.99&productid=201812558&sid=322970&type=offer
01-CD-DUN-TS100,DIOR DUNE EDT-S 100ML,3348900103870.0,39,122.0,75.95,,,0.0,607439.0,,£85.60 £856.00/L,https://www.idealo.co.uk/relocator/relocate?categoryId=3972&offerKey=43aa205da0d2d75c9fc24e929e4ee212&offerListId=607439-806CA93203AEC7DE680393B4E2D29246&pos=1&price=85.60&productid=607439&sid=307734&type=offer
01-CD-DUN-TS100,DIOR DUNE EDT-S 100ML,3348900103870.0,39,122.0,75.95,,,0.0,607439.0,perfumeprice.co.uk,£97.95 £979.50/L,https://www.idealo.co.uk/relocator/relocate?categoryId=3972&offerKey=ea8790dcfc43ead2d693682575f00446&offerListId=607439-806CA93203AEC7DE680393B4E2D29246&pos=2&price=97.95&productid=607439&sid=321700&type=offer
01-CD-JAD-PS100,DIOR J'ADORE EDP-S 100ML,3348900417878.0,8,145.0,89.95,,,0.0,589105.0,onbuy.com,£99.00 £990.00/L,https://www.idealo.co.uk/relocator/relocate?categoryId=3972&offerKey=fcff2f4b24cdef77fc9a8d60e93f8679&offerListId=589105-AD1DD06552EED961023EFE15792DB038&pos=1&price=99.00&productid=589105&sid=316895&type=offer
01-CD-POIG-TS100,DIOR POISON GIRL EDT-S 100ML,3348901345736.0,84,122.0,72.95,,,0.0,5396307.0,,£83.20 £832.00/L,https://www.idealo.co.uk/relocator/relocate?categoryId=3972&offerKey=7d61157059b80fe47c6b2bab0be2ec22&offerListId=5396307-5C2CAC2686747952EC303E9876B50858&pos=1&price=83.20&productid=5396307&sid=307734&type=offer
01-CD-POIG-TS100,DIOR POISON GIRL EDT-S 100ML,3348901345736.0,84,122.0,72.95,,,0.0,5396307.0,allbeauty.com(UK),£89.95 £899.50/L,https://www.idealo.co.uk/relocator/relocate?categoryId=3972&offerKey=cb5ca1212f3db8dc86cc04ea2c3d723a&offerListId=5396307-5C2CAC2686747952EC303E9876B50858&pos=2&price=89.95&productid=5396307&sid=28942&type=offer
01-CD-POIG-TS100,DIOR POISON GIRL EDT-S 100ML,3348901345736.0,84,122.0,72.95,,,0.0,5396307.0,cosmetify.com,£95.99 £959.90/L,https://www.idealo.co.uk/relocator/relocate?categoryId=3972&offerKey=96c896d4b694862a31ebecc7fe9f76e5&offerListId=5396307-5C2CAC2686747952EC303E9876B50858&pos=3&price=95.99&productid=5396307&sid=329503&type=offer
01-CD-POIG-TS100,DIOR POISON GIRL EDT-S 100ML,3348901345736.0,84,122.0,72.95,,,0.0,5396307.0,perfumedirect.com,£95.99 £959.90/L,https://www.idealo.co.uk/relocator/relocate?categoryId=3972&offerKey=4a01b056420dacfa221df0e13ee37dff&offerListId=5396307-5C2CAC2686747952EC303E9876B50858&pos=4&price=95.99&productid=5396307&sid=318630&type=offer
01-CER-FEM-2729,CERRUTI 1881 POUR FEMME EDT-S 50ML,5050456522729.0,1000+,43.0,9.99,,,0.0,588958.0,cosmetify.com,£17.69 £353.80/L,https://www.idealo.co.uk/relocator/relocate?categoryId=3972&offerKey=4c2e788e05e023ab41be857b69aec9ba&offerListId=588958-4AE9A56ECD5D40E5FE8E099E662CCB46&pos=1&price=17.69&productid=588958&sid=329503&type=offer
01-CER-FEM-2729,CERRUTI 1881 POUR FEMME EDT-S 50ML,5050456522729.0,1000+,43.0,9.99,,,0.0,588958.0,Amazon-marketplace.co.uk,£17.79 £355.80/L,https://www.idealo.co.uk/relocator/relocate?categoryId=3972&offerKey=43a6fd0cf6b3e8f2aa4f5408f2422089&offerListId=588958-4AE9A56ECD5D40E5FE8E099E662CCB46&pos=2&price=17.79&productid=588958&sid=22828&type=offer
01-CER-FEM-2729,CERRUTI 1881 POUR FEMME EDT-S 50ML,5050456522729.0,1000+,43.0,9.99,,,0.0,588958.0,bodycareonline.co.uk,£19.49 £389.80/L,https://www.idealo.co.uk/relocator/relocate?categoryId=3972&offerKey=4e2d9286378ef78339ec4a868069313c&offerListId=588958-4AE9A56ECD5D40E5FE8E099E662CCB46&pos=3&price=19.49&productid=588958&sid=332851&type=offer
01-CER-FEM-2729,CERRUTI 1881 POUR FEMME EDT-S 50ML,5050456522729.0,1000+,43.0,9.99,,,0.0,588958.0,unineed.com,£20.99 £419.80/L,https://www.idealo.co.uk/relocator/relocate?categoryId=3972&offerKey=a464d3f8f89da43f04e486a55cd09a8b&offerListId=588958-4AE9A56ECD5D40E5FE8E099E662CCB46&pos=4&price=20.99&productid=588958&sid=314440&type=offer
01-CER-FEM-2729,CERRUTI 1881 POUR FEMME EDT-S 50ML,5050456522729.0,1000+,43.0,9.99,,,0.0,588958.0,beautybase.com(UK),£21.00 £420.00/L,https://www.idealo.co.uk/relocator/relocate?categoryId=3972&offerKey=398e784df8cb54de1467fe9fb2f8d4b8&offerListId=588958-4AE9A56ECD5D40E5FE8E099E662CCB46&pos=5&price=21.00&productid=588958&sid=299115&type=offer
01-CER-FEM-2729,CERRUTI 1881 POUR FEMME EDT-S 50ML,5050456522729.0,1000+,43.0,9.99,,,0.0,588958.0,allbeauty.com(UK),£21.45 £429.00/L,https://www.idealo.co.uk/relocator/relocate?categoryId=3972&offerKey=290857ad934b0ae75be70a84989bd6f4&offerListId=588958-4AE9A56ECD5D40E5FE8E099E662CCB46&pos=6&price=21.45&productid=588958&sid=28942&type=offer
01-CER-FEM-2729,CERRUTI 1881 POUR FEMME EDT-S 50ML,5050456522729.0,1000+,43.0,9.99,,,0.0,588958.0,groupon.co.uk,£21.50 £430.00/L,https://www.idealo.co.uk/relocator/relocate?categoryId=3972&offerKey=e755b73ffa1c1ffba8771693c43ea90f&offerListId=588958-4AE9A56ECD5D40E5FE8E099E662CCB46&pos=7&price=21.50&productid=588958&sid=313205&type=offer
01-CER-FEM-2729,CERRUTI 1881 POUR FEMME EDT-S 50ML,5050456522729.0,1000+,43.0,9.99,,,0.0,588958.0,ebay.co.uk,£21.99 £439.80/L,https://www.idealo.co.uk/relocator/relocate?categoryId=3972&offerKey=4df2b89e8278ae770868398653ad98e4&offerListId=588958-4AE9A56ECD5D40E5FE8E099E662CCB46&pos=8&price=21.99&productid=588958&sid=22818&type=offer
01-CER-FEM-2729,CERRUTI 1881 POUR FEMME EDT-S 50ML,5050456522729.0,1000+,43.0,9.99,,,0.0,588958.0,onbuy.com,£22.57 £451.40/L,https://www.idealo.co.uk/relocator/relocate?categoryId=3972&offerKey=29299cb3b27b299b7ee445367dd12b81&offerListId=588958-4AE9A56ECD5D40E5FE8E099E662CCB46&pos=9&price=22.57&productid=588958&sid=316895&type=offer
01-CER-FEM-2729,CERRUTI 1881 POUR FEMME EDT-S 50ML,5050456522729.0,1000+,43.0,9.99,,,0.0,588958.0,onbuy.com,£22.73 £454.60/L,https://www.idealo.co.uk/relocator/relocate?categoryId=3972&offerKey=9a18528a7e5b3035e39fc993fc59f703&offerListId=588958-4AE9A56ECD5D40E5FE8E099E662CCB46&pos=10&price=22.73&productid=588958&sid=316895&type=offer
01-CER-FEM-2729,CERRUTI 1881 POUR FEMME EDT-S 50ML,5050456522729.0,1000+,43.0,9.99,,,0.0,588958.0,amazon.co.uk,£23.87 £477.40/L,https://www.idealo.co.uk/relocator/relocate?categoryId=3972&offerKey=62669b9c2fdb11dc2b40d7cb690e2151&offerListId=588958-4AE9A56ECD5D40E5FE8E099E662CCB46&pos=11&price=23.87&productid=588958&sid=12004&type=offer
01-CER-FEM-2729,CERRUTI 1881 POUR FEMME EDT-S 50ML,5050456522729.0,1000+,43.0,9.99,,,0.0,588958.0,Fragrancedirect.co.uk,£23.95 £479.00/L,https://www.idealo.co.uk/relocator/relocate?categoryId=3972&offerKey=6e49ab4791064cbbf23456f3672291b7&offerListId=588958-4AE9A56ECD5D40E5FE8E099E662CCB46&pos=12&price=23.95&productid=588958&sid=21971&type=offer
01-CER-FEM-2729,CERRUTI 1881 POUR FEMME EDT-S 50ML,5050456522729.0,1000+,43.0,9.99,,,0.0,588958.0,Expresschemist.co.uk,£25.79 £515.80/L,https://www.idealo.co.uk/relocator/relocate?categoryId=3972&offerKey=0b648cb584bedc0ec5ebf00d5e926334&offerListId=588958-4AE9A56ECD5D40E5FE8E099E662CCB46&pos=13&price=25.79&productid=588958&sid=22167&type=offer
01-CER-FEM-2729,CERRUTI 1881 POUR FEMME EDT-S 50ML,5050456522729.0,1000+,43.0,9.99,,,0.0,588958.0,groupon.co.uk,£26.95 £539.00/L,https://www.idealo.co.uk/relocator/relocate?categoryId=3972&offerKey=005da2a2ca1ebc94550f5cb0d105a3f5&offerListId=588958-4AE9A56ECD5D40E5FE8E099E662CCB46&pos=14&price=26.95&productid=588958&sid=313205&type=offer
01-CER-FEM-2729,CERRUTI 1881 POUR FEMME EDT-S 50ML,5050456522729.0,1000+,43.0,9.99,,,0.0,588958.0,Luxplus.co.uk,£37.99 £759.80/L,https://www.idealo.co.uk/relocator/relocate?categoryId=3972&offerKey=51f35362f3a20f4458963a48db63fe10&offerListId=588958-4AE9A56ECD5D40E5FE8E099E662CCB46&pos=15&price=37.99&productid=588958&sid=322970&type=offer
01-CER-FEM-2729,CERRUTI 1881 POUR FEMME EDT-S 50ML,5050456522729.0,1000+,43.0,9.99,,,0.0,588958.0,cazaar.co.uk,£39.78 £795.60/L,https://www.idealo.co.uk/relocator/relocate?categoryId=3972&offerKey=fcbdc4aa50d407fa52a475ff26397adc&offerListId=588958-4AE9A56ECD5D40E5FE8E099E662CCB46&pos=16&price=39.78&productid=588958&sid=331015&type=offer
01-CER-FEM-2729,CERRUTI 1881 POUR FEMME EDT-S 50ML,5050456522729.0,1000+,43.0,9.99,,,0.0,588958.0,my-origines.com(UK),£43.43 £868.60/L,https://www.idealo.co.uk/relocator/relocate?categoryId=3972&offerKey=e0aa9c9f890355396767c10617adf46e&offerListId=588958-4AE9A56ECD5D40E5FE8E099E662CCB46&pos=17&price=43.43&productid=588958&sid=328503&type=offer
01-CER-FEM-2729,CERRUTI 1881 POUR FEMME EDT-S 50ML,5050456522729.0,1000+,43.0,9.99,,,0.0,588958.0,Pharmacy2u.co.uk,£45.00 £900.00/L,https://www.idealo.co.uk/relocator/relocate?categoryId=3972&offerKey=4c2cff3bb873038b121794baca921475&offerListId=588958-4AE9A56ECD5D40E5FE8E099E662CCB46&pos=18&price=45.00&productid=588958&sid=25468&type=offer
01-CER-FEM-TS100,CERRUTI 1881 POUR FEMME EDT-S 100ML,5050456522736.0,1000+,54.0,16.5,,,0.0,588959.0,onbuy.com,£19.57 £195.70/L,https://www.idealo.co.uk/relocator/relocate?categoryId=3972&offerKey=74c42821bedbd016b049ef1d6de99632&offerListId=588959-029C072561BA59D11861706523EED6A5&pos=1&price=19.57&productid=588959&sid=316895&type=offer
01-CER-FEM-TS100,CERRUTI 1881 POUR FEMME EDT-S 100ML,5050456522736.0,1000+,54.0,16.5,,,0.0,588959.0,ebay.co.uk,£22.95 £229.50/L,https://www.idealo.co.uk/relocator/relocate?categoryId=3972&offerKey=f3800ccff4559b7450dfef2724eb861c&offerListId=588959-029C072561BA59D11861706523EED6A5&pos=2&price=22.95&productid=588959&sid=22818&type=offer
01-CER-FEM-TS100,CERRUTI 1881 POUR FEMME EDT-S 100ML,5050456522736.0,1000+,54.0,16.5,,,0.0,588959.0,amazon.co.uk,£24.65 £246.50/L,https://www.idealo.co.uk/relocator/relocate?categoryId=3972&offerKey=d0d2d73ec2c0e3073efe710947e2a024&offerListId=588959-029C072561BA59D11861706523EED6A5&pos=3&price=24.65&productid=588959&sid=12004&type=offer
01-CER-FEM-TS100,CERRUTI 1881 POUR FEMME EDT-S 100ML,5050456522736.0,1000+,54.0,16.5,,,0.0,588959.0,notino.co.uk,£24.80 £248.00/L,https://www.idealo.co.uk/relocator/relocate?categoryId=3972&offerKey=47dadfe19bea51aac8fa28a7c3cd90ea&offerListId=588959-029C072561BA59D11861706523EED6A5&pos=4&price=24.80&productid=588959&sid=307734&type=offer
01-CER-FEM-TS100,CERRUTI 1881 POUR FEMME EDT-S 100ML,5050456522736.0,1000+,54.0,16.5,,,0.0,588959.0,Boots.com (UK),£26.00 £260.00/L,https://www.idealo.co.uk/relocator/relocate?categoryId=3972&offerKey=f66da73e0e236dcd544ad911ee1cea2c&offerListId=588959-029C072561BA59D11861706523EED6A5&pos=5&price=26.00&productid=588959&sid=27286&type=offer
01-CER-FEM-TS100,CERRUTI 1881 POUR FEMME EDT-S 100ML,5050456522736.0,1000+,54.0,16.5,,,0.0,588959.0,cosmetify.com,£26.99 £269.90/L,https://www.idealo.co.uk/relocator/relocate?categoryId=3972&offerKey=99c7cb3a8210f052caf54c5874c3edc1&offerListId=588959-029C072561BA59D11861706523EED6A5&pos=6&price=26.99&productid=588959&sid=329503&type=offer
01-CER-FEM-TS100,CERRUTI 1881 POUR FEMME EDT-S 100ML,5050456522736.0,1000+,54.0,16.5,,,0.0,588959.0,perfumedirect.com,£26.99 £269.90/L,https://www.idealo.co.uk/relocator/relocate?categoryId=3972&offerKey=f78c85a3d504e616d7339008622b1b76&offerListId=588959-029C072561BA59D11861706523EED6A5&pos=7&price=26.99&productid=588959&sid=318630&type=offer
01-CER-FEM-TS100,CERRUTI 1881 POUR FEMME EDT-S 100ML,5050456522736.0,1000+,54.0,16.5,,,0.0,588959.0,Perfumeclick.co.uk,£27.30 £273.00/L,https://www.idealo.co.uk/relocator/relocate?categoryId=3972&offerKey=6fa209d75fea869c8b343e19473f1cfc&offerListId=588959-029C072561BA59D11861706523EED6A5&pos=8&price=27.30&productid=588959&sid=69736&type=offer
01-CER-FEM-TS100,CERRUTI 1881 POUR FEMME EDT-S 100ML,5050456522736.0,1000+,54.0,16.5,,,0.0,588959.0,Perfumeshopping.com(UK),£27.50 £275.00/L,https://www.idealo.co.uk/relocator/relocate?categoryId=3972&offerKey=565c4a3c11b3e33b2e53516530e28660&offerListId=588959-029C072561BA59D11861706523EED6A5&pos=9&price=27.50&productid=588959&sid=282217&type=offer
01-CER-FEM-TS100,CERRUTI 1881 POUR FEMME EDT-S 100ML,5050456522736.0,1000+,54.0,16.5,,,0.0,588959.0,allbeauty.com(UK),£28.10 £281.00/L,https://www.idealo.co.uk/relocator/relocate?categoryId=3972&offerKey=2cb8a4cdc16852ee283135532cc717a8&offerListId=588959-029C072561BA59D11861706523EED6A5&pos=10&price=28.10&productid=588959&sid=28942&type=offer
01-CER-FEM-TS100,CERRUTI 1881 POUR FEMME EDT-S 100ML,5050456522736.0,1000+,54.0,16.5,,,0.0,588959.0,Dressinn.com (UK),£28.99 £289.90/L,https://www.idealo.co.uk/relocator/relocate?categoryId=3972&offerKey=0714c50b74a022f78b8b463353dcf509&offerListId=588959-029C072561BA59D11861706523EED6A5&pos=11&price=28.99&productid=588959&sid=318629&type=offer
01-CER-FEM-TS100,CERRUTI 1881 POUR FEMME EDT-S 100ML,5050456522736.0,1000+,54.0,16.5,,,0.0,588959.0,Amazon-marketplace.co.uk,£29.46 £294.60/L,https://www.idealo.co.uk/relocator/relocate?categoryId=3972&offerKey=2c1e047be349acbef6183042639a9c65&offerListId=588959-029C072561BA59D11861706523EED6A5&pos=12&price=29.46&productid=588959&sid=22828&type=offer
01-CER-FEM-TS100,CERRUTI 1881 POUR FEMME EDT-S 100ML,5050456522736.0,1000+,54.0,16.5,,,0.0,588959.0,secretsales.com (UK),£29.69 £296.90/L,https://www.idealo.co.uk/relocator/relocate?categoryId=3972&offerKey=b7f36aa6031134cd2ff62a678407ccb9&offerListId=588959-029C072561BA59D11861706523EED6A5&pos=13&price=29.69&productid=588959&sid=324015&type=offer
01-CER-FEM-TS100,CERRUTI 1881 POUR FEMME EDT-S 100ML,5050456522736.0,1000+,54.0,16.5,,,0.0,588959.0,beautybase.com(UK),£30.00 £300.00/L,https://www.idealo.co.uk/relocator/relocate?categoryId=3972&offerKey=0110440c23a129f08fd70e4698131642&offerListId=588959-029C072561BA59D11861706523EED6A5&pos=14&price=30.00&productid=588959&sid=299115&type=offer
01-CER-FEM-TS100,CERRUTI 1881 POUR FEMME EDT-S 100ML,5050456522736.0,1000+,54.0,16.5,,,0.0,588959.0,Fragrancedirect.co.uk,£30.95 £309.50/L,https://www.idealo.co.uk/relocator/relocate?categoryId=3972&offerKey=d6acdb03c5ef49e4f3afa151d85e1d7e&offerListId=588959-029C072561BA59D11861706523EED6A5&pos=15&price=30.95&productid=588959&sid=21971&type=offer
01-CER-FEM-TS100,CERRUTI 1881 POUR FEMME EDT-S 100ML,5050456522736.0,1000+,54.0,16.5,,,0.0,588959.0,onbuy.com,£31.99 £319.90/L,https://www.idealo.co.uk/relocator/relocate?categoryId=3972&offerKey=2c33813e8b97d1fd78d798c5e50a8e0e&offerListId=588959-029C072561BA59D11861706523EED6A5&pos=16&price=31.99&productid=588959&sid=316895&type=offer
01-CER-FEM-TS100,CERRUTI 1881 POUR FEMME EDT-S 100ML,5050456522736.0,1000+,54.0,16.5,,,0.0,588959.0,Tjhughes.co.uk,£32.00 £320.00/L,https://www.idealo.co.uk/relocator/relocate?categoryId=3972&offerKey=dad6468427f0b10bab51a62792d4afdd&offerListId=588959-029C072561BA59D11861706523EED6A5&pos=17&price=32.00&productid=588959&sid=28759&type=offer
01-CER-FEM-TS100,CERRUTI 1881 POUR FEMME EDT-S 100ML,5050456522736.0,1000+,54.0,16.5,,,0.0,588959.0,onbuy.com,£32.15 £321.50/L,https://www.idealo.co.uk/relocator/relocate?categoryId=3972&offerKey=746ee977db0228637efa4a1eef30409e&offerListId=588959-029C072561BA59D11861706523EED6A5&pos=18&price=32.15&productid=588959&sid=316895&type=offer
01-CER-FEM-TS100,CERRUTI 1881 POUR FEMME EDT-S 100ML,5050456522736.0,1000+,54.0,16.5,,,0.0,588959.0,my-origines.com(UK),£32.31 £323.10/L,https://www.idealo.co.uk/relocator/relocate?categoryId=3972&offerKey=e96012b5bc1e851a0a5dac5e8681c81a&offerListId=588959-029C072561BA59D11861706523EED6A5&pos=19&price=32.31&productid=588959&sid=328503&type=offer
01-CER-FEM-TS100,CERRUTI 1881 POUR FEMME EDT-S 100ML,5050456522736.0,1000+,54.0,16.5,,,0.0,588959.0,perfumeprice.co.uk,£33.95 £339.50/L,https://www.idealo.co.uk/relocator/relocate?categoryId=3972&offerKey=8452c0d281ec6d8c7f3f8adb4edc0b48&offerListId=588959-029C072561BA59D11861706523EED6A5&pos=20&price=33.95&productid=588959&sid=321700&type=offer
01-CHE-212-DSP150,CAROLINA HERRERA 212 NYC DEO SPRAY 150ML,8411061805893.0,1000+,26.5,8.95,,,0.0,2132272.0,Perfumeclick.co.uk,£15.25 £101.67/L,https://www.idealo.co.uk/relocator/relocate?categoryId=18454&offerKey=ee1b64546915d46688ea93625e492ced&offerListId=2132272-344FF69715172746E16453C27EF0CEA3&pos=1&price=15.25&productid=2132272&sid=69736&type=offer
01-CHE-212-DSP150,CAROLINA HERRERA 212 NYC DEO SPRAY 150ML,8411061805893.0,1000+,26.5,8.95,,,0.0,2132272.0,ebay.co.uk,£16.76 £111.73/L,https://www.idealo.co.uk/relocator/relocate?categoryId=18454&offerKey=fb92c26db3ea4f77b7156f93f0cd00c6&offerListId=2132272-344FF69715172746E16453C27EF0CEA3&pos=2&price=16.76&productid=2132272&sid=22818&type=offer
01-CHE-212-DSP150,CAROLINA HERRERA 212 NYC DEO SPRAY 150ML,8411061805893.0,1000+,26.5,8.95,,,0.0,2132272.0,cosmetify.com,£16.98 £113.20/L,https://www.idealo.co.uk/relocator/relocate?categoryId=18454&offerKey=2667bcb5a47887ec2096268a7ce2cd18&offerListId=2132272-344FF69715172746E16453C27EF0CEA3&pos=3&price=16.98&productid=2132272&sid=329503&type=offer
01-CHE-212-DSP150,CAROLINA HERRERA 212 NYC DEO SPRAY 150ML,8411061805893.0,1000+,26.5,8.95,,,0.0,2132272.0,Dressinn.com (UK),£17.99 £119.93/L,https://www.idealo.co.uk/relocator/relocate?categoryId=18454&offerKey=9b306c334f6c38e7cca9d2e7534496b5&offerListId=2132272-344FF69715172746E16453C27EF0CEA3&pos=4&price=17.99&productid=2132272&sid=318629&type=offer
01-CHE-212-DSP150,CAROLINA HERRERA 212 NYC DEO SPRAY 150ML,8411061805893.0,1000+,26.5,8.95,,,0.0,2132272.0,secretsales.com (UK),£18.94 £126.27/L,https://www.idealo.co.uk/relocator/relocate?categoryId=18454&offerKey=4ae59043b97a72a9c1193795228d1fa9&offerListId=2132272-344FF69715172746E16453C27EF0CEA3&pos=5&price=18.94&productid=2132272&sid=324015&type=offer
01-CHE-212-DSP150,CAROLINA HERRERA 212 NYC DEO SPRAY 150ML,8411061805893.0,1000+,26.5,8.95,,,0.0,2132272.0,onbuy.com,£18.95 £126.33/L,https://www.idealo.co.uk/relocator/relocate?categoryId=18454&offerKey=316f4ee581487154e1f63e46cb497a40&offerListId=2132272-344FF69715172746E16453C27EF0CEA3&pos=6&price=18.95&productid=2132272&sid=316895&type=offer
01-CHE-212-DSP150,CAROLINA HERRERA 212 NYC DEO SPRAY 150ML,8411061805893.0,1000+,26.5,8.95,,,0.0,2132272.0,cosmetify.com,£19.99 £133.27/L,https://www.idealo.co.uk/relocator/relocate?categoryId=18454&offerKey=94137816bb7f9cf5b9447daa75ab4e2f&offerListId=2132272-344FF69715172746E16453C27EF0CEA3&pos=7&price=19.99&productid=2132272&sid=329503&type=offer
01-CHE-212-DSP150,CAROLINA HERRERA 212 NYC DEO SPRAY 150ML,8411061805893.0,1000+,26.5,8.95,,,0.0,2132272.0,Amazon-marketplace.co.uk,£22.90 £152.67/L,https://www.idealo.co.uk/relocator/relocate?categoryId=18454&offerKey=091f54818183835717f394d1d14fb31b&offerListId=2132272-344FF69715172746E16453C27EF0CEA3&pos=8&price=22.90&productid=2132272&sid=22828&type=offer
01-CHE-212-DSP150,CAROLINA HERRERA 212 NYC DEO SPRAY 150ML,8411061805893.0,1000+,26.5,8.95,,,0.0,2132272.0,unineed.com,£25.99 £173.27/L,https://www.idealo.co.uk/relocator/relocate?categoryId=18454&offerKey=b04af61ba64f0191a3b1b1e02b982f95&offerListId=2132272-344FF69715172746E16453C27EF0CEA3&pos=9&price=25.99&productid=2132272&sid=314440&type=offer
01-CHE-212-DSP150,CAROLINA HERRERA 212 NYC DEO SPRAY 150ML,8411061805893.0,1000+,26.5,8.95,,,0.0,2132272.0,Fragrancedirect.co.uk,£26.95 £179.67/L,https://www.idealo.co.uk/relocator/relocate?categoryId=18454&offerKey=7ab8a318bbafdbd8e98174b927f64408&offerListId=2132272-344FF69715172746E16453C27EF0CEA3&pos=10&price=26.95&productid=2132272&sid=21971&type=offer
01-CHE-212-DSP150,CAROLINA HERRERA 212 NYC DEO SPRAY 150ML,8411061805893.0,1000+,26.5,8.95,,,0.0,2132272.0,Very.co.uk,£27.00 £180.00/L,https://www.idealo.co.uk/relocator/relocate?categoryId=18454&offerKey=7b06a384d0d11dd7806d57210ce27c2b&offerListId=2132272-344FF69715172746E16453C27EF0CEA3&pos=11&price=27.00&productid=2132272&sid=25214&type=offer
01-CHE-212-DSP150,CAROLINA HERRERA 212 NYC DEO SPRAY 150ML,8411061805893.0,1000+,26.5,8.95,,,0.0,2132272.0,escentual.com(UK),£31.00 £206.67/L,https://www.idealo.co.uk/relocator/relocate?categoryId=18454&offerKey=97cdeb40ce6daeef9326b7d2fe0dc545&offerListId=2132272-344FF69715172746E16453C27EF0CEA3&pos=12&price=31.00&productid=2132272&sid=21988&type=offer
01-CHE-212-DSP150,CAROLINA HERRERA 212 NYC DEO SPRAY 150ML,8411061805893.0,1000+,26.5,8.95,,,0.0,2132272.0,cazaar.co.uk,£38.70 £258.00/L,https://www.idealo.co.uk/relocator/relocate?categoryId=18454&offerKey=414f6a391ce0714dc48f39396a207a44&offerListId=2132272-344FF69715172746E16453C27EF0CEA3&pos=13&price=38.70&productid=2132272&sid=331015&type=offer
01-CHL-LST-PS50,CHLOE LOVE STORY EDP-S 50ML,3607342635838.0,41,90.0,42.95,,,0.0,4486224.0,,£47.52 £950.40/L,https://www.idealo.co.uk/relocator/relocate?categoryId=3972&offerKey=ed1c99e292011365f935f7539672663b&offerListId=4486224-EBCAC3AA00B7355FFBAE87F9379018A9&pos=1&price=47.52&productid=4486224&sid=307734&type=offer
01-CHL-LST-PS50,CHLOE LOVE STORY EDP-S 50ML,3607342635838.0,41,90.0,42.95,,,0.0,4486224.0,parfumdreams.co.uk,£47.52 £950.40/L,https://www.idealo.co.uk/relocator/relocate?categoryId=3972&offerKey=b217d1a7cac5e07fd87978877ef8c5eb&offerListId=4486224-EBCAC3AA00B7355FFBAE87F9379018A9&pos=2&price=47.52&productid=4486224&sid=316458&type=offer
01-CHL-LST-PS50,CHLOE LOVE STORY EDP-S 50ML,3607342635838.0,41,90.0,42.95,,,0.0,4486224.0,Amazon-marketplace.co.uk,£48.89 £977.80/L,https://www.idealo.co.uk/relocator/relocate?categoryId=3972&offerKey=1825a1acee7a42b495059b6d8039f330&offerListId=4486224-EBCAC3AA00B7355FFBAE87F9379018A9&pos=3&price=48.89&productid=4486224&sid=22828&type=offer
01-CHL-LST-PS50,CHLOE LOVE STORY EDP-S 50ML,3607342635838.0,41,90.0,42.95,,,0.0,4486224.0,my-origines.com(UK),£49.07 £981.40/L,https://www.idealo.co.uk/relocator/relocate?categoryId=3972&offerKey=73a02edbb2587211c5f97dea855dab1b&offerListId=4486224-EBCAC3AA00B7355FFBAE87F9379018A9&pos=4&price=49.07&productid=4486224&sid=328503&type=offer
01-CHL-NAT-PS50,CHLOE ROSE NATURELLE EDP-S 50ML,3614228842785.0,32,71.0,44.95,,,0.0,201541978.0,,£46.88 £937.60/L,https://www.idealo.co.uk/relocator/relocate?categoryId=3972&offerKey=266a105747583e1bb252a09a0b1ce12c&offerListId=201541978-24E866EDF1877695755500EBAC95B606&pos=1&price=46.88&productid=201541978&sid=307734&type=offer
01-CHL-NOM-PS75,CHLOE NOMADE EDP-S 75ML,3614223113347.0,3,119.0,52.95,,,0.0,6044817.0,my-origines.com(UK),£55.95 £746.00/L,https://www.idealo.co.uk/relocator/relocate?categoryId=3972&offerKey=5b824f45b9fa7d3da7c84048a66fa290&offerListId=6044817-B3A04CF60F596EF0FD89843367949962&pos=1&price=55.95&productid=6044817&sid=328503&type=offer
01-CHL-NOM-PS75,CHLOE NOMADE EDP-S 75ML,3614223113347.0,3,119.0,52.95,,,0.0,6044817.0,notino.co.uk,£59.30 £790.67/L,https://www.idealo.co.uk/relocator/relocate?categoryId=3972&offerKey=26428b427c52d2263439e62a250a102e&offerListId=6044817-B3A04CF60F596EF0FD89843367949962&pos=2&price=59.30&productid=6044817&sid=307734&type=offer
01-CHL-NOM-PS75,CHLOE NOMADE EDP-S 75ML,3614223113347.0,3,119.0,52.95,,,0.0,6044817.0,ebay.co.uk,£59.95 £799.33/L,https://www.idealo.co.uk/relocator/relocate?categoryId=3972&offerKey=3c48f6980b10f60e6ed447b7224df3b7&offerListId=6044817-B3A04CF60F596EF0FD89843367949962&pos=3&price=59.95&productid=6044817&sid=22818&type=offer
01-CHL-NOM-PS75,CHLOE NOMADE EDP-S 75ML,3614223113347.0,3,119.0,52.95,,,0.0,6044817.0,Perfumeclick.co.uk,£68.35 £911.33/L,https://www.idealo.co.uk/relocator/relocate?categoryId=3972&offerKey=05206e46c47a9a11f467746916f325fb&offerListId=6044817-B3A04CF60F596EF0FD89843367949962&pos=4&price=68.35&productid=6044817&sid=69736&type=offer
01-CHL-NOM-PS75,CHLOE NOMADE EDP-S 75ML,3614223113347.0,3,119.0,52.95,,,0.0,6044817.0,secretsales.com (UK),£70.65 £942.00/L,https://www.idealo.co.uk/relocator/relocate?categoryId=3972&offerKey=d31a24c9e3755f2a171d1904908d5ac5&offerListId=6044817-B3A04CF60F596EF0FD89843367949962&pos=5&price=70.65&productid=6044817&sid=324015&type=offer
01-CHL-NOM-PS75,CHLOE NOMADE EDP-S 75ML,3614223113347.0,3,119.0,52.95,,,0.0,6044817.0,cosmetify.com,£71.77 £956.93/L,https://www.idealo.co.uk/relocator/relocate?categoryId=3972&offerKey=a2832aba94b3dfe32ee2236bce8c09e4&offerListId=6044817-B3A04CF60F596EF0FD89843367949962&pos=6&price=71.77&productid=6044817&sid=329503&type=offer
01-CHL-NOM-PS75,CHLOE NOMADE EDP-S 75ML,3614223113347.0,3,119.0,52.95,,,0.0,6044817.0,perfumedirect.com,£71.99 £959.87/L,https://www.idealo.co.uk/relocator/relocate?categoryId=3972&offerKey=b30a9701525b9e535788d3b60e3886fa&offerListId=6044817-B3A04CF60F596EF0FD89843367949962&pos=7&price=71.99&productid=6044817&sid=318630&type=offer
01-CHL-NOM-PS75,CHLOE NOMADE EDP-S 75ML,3614223113347.0,3,119.0,52.95,,,0.0,6044817.0,Amazon-marketplace.co.uk,£72.37 £964.93/L,https://www.idealo.co.uk/relocator/relocate?categoryId=3972&offerKey=8fc04d1374139c71271ac4b474f83bdb&offerListId=6044817-B3A04CF60F596EF0FD89843367949962&pos=8&price=72.37&productid=6044817&sid=22828&type=offer
01-CHL-SIG-PS50,CHLOE SIGNATURE EDP-S 50ML,3607346232347.0,103,95.0,41.95,,,0.0,967800.0,,£42.72 £854.40/L,https://www.idealo.co.uk/relocator/relocate?categoryId=3972&offerKey=0113389a5d48fa0004b6a8d8ffda91ba&offerListId=967800-103CF667BAD5200B3AAAAEE4C4E75EEF&pos=1&price=42.72&productid=967800&sid=307734&type=offer
01-CHL-SIG-PS50,CHLOE SIGNATURE EDP-S 50ML,3607346232347.0,103,95.0,41.95,,,0.0,967800.0,parfumdreams.co.uk,£45.39 £907.80/L,https://www.idealo.co.uk/relocator/relocate?categoryId=3972&offerKey=98617a82c778ac12a0aaa60030e95db5&offerListId=967800-103CF667BAD5200B3AAAAEE4C4E75EEF&pos=2&price=45.39&productid=967800&sid=316458&type=offer
01-CHL-SIG-PS50,CHLOE SIGNATURE EDP-S 50ML,3607346232347.0,103,95.0,41.95,,,0.0,967800.0,my-origines.com(UK),£46.41 £928.20/L,https://www.idealo.co.uk/relocator/relocate?categoryId=3972&offerKey=00a53212b657ebd57b1f62732273eb04&offerListId=967800-103CF667BAD5200B3AAAAEE4C4E75EEF&pos=3&price=46.41&productid=967800&sid=328503&type=offer
01-CHL-SIG-PS50,CHLOE SIGNATURE EDP-S 50ML,3607346232347.0,103,95.0,41.95,,,0.0,967800.0,,£42.72 £854.40/L,https://www.idealo.co.uk/relocator/relocate?categoryId=3972&offerKey=0113389a5d48fa0004b6a8d8ffda91ba&offerListId=967800-103CF667BAD5200B3AAAAEE4C4E75EEF&pos=1&price=42.72&productid=967800&sid=307734&type=offer
01-CHL-SIG-PS50,CHLOE SIGNATURE EDP-S 50ML,3607346232347.0,103,95.0,41.95,,,0.0,967800.0,parfumdreams.co.uk,£45.39 £907.80/L,https://www.idealo.co.uk/relocator/relocate?categoryId=3972&offerKey=98617a82c778ac12a0aaa60030e95db5&offerListId=967800-103CF667BAD5200B3AAAAEE4C4E75EEF&pos=2&price=45.39&productid=967800&sid=316458&type=offer
01-CHL-SIG-PS50,CHLOE SIGNATURE EDP-S 50ML,3607346232347.0,103,95.0,41.95,,,0.0,967800.0,my-origines.com(UK),£46.41 £928.20/L,https://www.idealo.co.uk/relocator/relocate?categoryId=3972&offerKey=00a53212b657ebd57b1f62732273eb04&offerListId=967800-103CF667BAD5200B3AAAAEE4C4E75EEF&pos=3&price=46.41&productid=967800&sid=328503&type=offer
01-CHL-SIG-PS50-UK,CHLOE SIGNATURE EDP-S 50ML,3607346232347.0,989,95.0,38.95,,,0.0,967800.0,,£42.72 £854.40/L,https://www.idealo.co.uk/relocator/relocate?categoryId=3972&offerKey=0113389a5d48fa0004b6a8d8ffda91ba&offerListId=967800-103CF667BAD5200B3AAAAEE4C4E75EEF&pos=1&price=42.72&productid=967800&sid=307734&type=offer
01-CHL-SIG-PS50-UK,CHLOE SIGNATURE EDP-S 50ML,3607346232347.0,989,95.0,38.95,,,0.0,967800.0,parfumdreams.co.uk,£45.39 £907.80/L,https://www.idealo.co.uk/relocator/relocate?categoryId=3972&offerKey=98617a82c778ac12a0aaa60030e95db5&offerListId=967800-103CF667BAD5200B3AAAAEE4C4E75EEF&pos=2&price=45.39&productid=967800&sid=316458&type=offer
01-CHL-SIG-PS50-UK,CHLOE SIGNATURE EDP-S 50ML,3607346232347.0,989,95.0,38.95,,,0.0,967800.0,my-origines.com(UK),£46.41 £928.20/L,https://www.idealo.co.uk/relocator/relocate?categoryId=3972&offerKey=00a53212b657ebd57b1f62732273eb04&offerListId=967800-103CF667BAD5200B3AAAAEE4C4E75EEF&pos=3&price=46.41&productid=967800&sid=328503&type=offer
01-CHL-SIG-PS50-UK,CHLOE SIGNATURE EDP-S 50ML,3607346232347.0,989,95.0,38.95,,,0.0,967800.0,,£42.72 £854.40/L,https://www.idealo.co.uk/relocator/relocate?categoryId=3972&offerKey=0113389a5d48fa0004b6a8d8ffda91ba&offerListId=967800-103CF667BAD5200B3AAAAEE4C4E75EEF&pos=1&price=42.72&productid=967800&sid=307734&type=offer
01-CHL-SIG-PS50-UK,CHLOE SIGNATURE EDP-S 50ML,3607346232347.0,989,95.0,38.95,,,0.0,967800.0,parfumdreams.co.uk,£45.39 £907.80/L,https://www.idealo.co.uk/relocator/relocate?categoryId=3972&offerKey=98617a82c778ac12a0aaa60030e95db5&offerListId=967800-103CF667BAD5200B3AAAAEE4C4E75EEF&pos=2&price=45.39&productid=967800&sid=316458&type=offer
01-CHL-SIG-PS50-UK,CHLOE SIGNATURE EDP-S 50ML,3607346232347.0,989,95.0,38.95,,,0.0,967800.0,my-origines.com(UK),£46.41 £928.20/L,https://www.idealo.co.uk/relocator/relocate?categoryId=3972&offerKey=00a53212b657ebd57b1f62732273eb04&offerListId=967800-103CF667BAD5200B3AAAAEE4C4E75EEF&pos=3&price=46.41&productid=967800&sid=328503&type=offer
01-CK-CK1-07681-UK,CK CK1 EDT-S 50ML,88300107681.0,1000+,30.0,10.45,,,0.0,102553.0,Directcosmetics.com(UK),£12.99 £259.80/L,https://www.idealo.co.uk/relocator/relocate?categoryId=16252&offerKey=7b4e04cb74d8ed68ded64392c4a8d3ef&offerListId=102553-30859FEAC2743B9A71DDBABA2546AB8A&pos=1&price=12.99&productid=102553&sid=24317&type=offer
01-CK-CK1-07681-UK,CK CK1 EDT-S 50ML,88300107681.0,1000+,30.0,10.45,,,0.0,102553.0,ebay.co.uk,£16.75 £335.00/L,https://www.idealo.co.uk/relocator/relocate?categoryId=16252&offerKey=8a99149ae4f04249d19649aedb93b3b4&offerListId=102553-30859FEAC2743B9A71DDBABA2546AB8A&pos=2&price=16.75&productid=102553&sid=22818&type=offer
01-CK-CK1-07681-UK,CK CK1 EDT-S 50ML,88300107681.0,1000+,30.0,10.45,,,0.0,102553.0,Perfumeclick.co.uk,£17.10 £342.00/L,https://www.idealo.co.uk/relocator/relocate?categoryId=16252&offerKey=343e075c567e9c2742384d911bf80661&offerListId=102553-30859FEAC2743B9A71DDBABA2546AB8A&pos=3&price=17.10&productid=102553&sid=69736&type=offer
01-CK-CK1-07681-UK,CK CK1 EDT-S 50ML,88300107681.0,1000+,30.0,10.45,,,0.0,102553.0,cosmetify.com,£17.93 £358.60/L,https://www.idealo.co.uk/relocator/relocate?categoryId=16252&offerKey=a024f16eb8c7db71fdd7a2bae9febe9c&offerListId=102553-30859FEAC2743B9A71DDBABA2546AB8A&pos=4&price=17.93&productid=102553&sid=329503&type=offer
01-CK-CK1-07681-UK,CK CK1 EDT-S 50ML,88300107681.0,1000+,30.0,10.45,,,0.0,102553.0,bodycareonline.co.uk,£17.99 £359.80/L,https://www.idealo.co.uk/relocator/relocate?categoryId=16252&offerKey=d367a0572180f76136147415c11f1b91&offerListId=102553-30859FEAC2743B9A71DDBABA2546AB8A&pos=5&price=17.99&productid=102553&sid=332851&type=offer
01-CK-CK1-07681-UK,CK CK1 EDT-S 50ML,88300107681.0,1000+,30.0,10.45,,,0.0,102553.0,,£19.76 £395.20/L,https://www.idealo.co.uk/relocator/relocate?categoryId=16252&offerKey=2d424f8e4a7a8908ade4a504f0d010f5&offerListId=102553-30859FEAC2743B9A71DDBABA2546AB8A&pos=6&price=19.76&productid=102553&sid=307734&type=offer
01-CK-CK1-07681-UK,CK CK1 EDT-S 50ML,88300107681.0,1000+,30.0,10.45,,,0.0,102553.0,parfumdreams.co.uk,£19.76 £395.20/L,https://www.idealo.co.uk/relocator/relocate?categoryId=16252&offerKey=993de2e0d2aefff30ad76b45b26b2873&offerListId=102553-30859FEAC2743B9A71DDBABA2546AB8A&pos=7&price=19.76&productid=102553&sid=316458&type=offer
01-CK-CK1-07681-UK,CK CK1 EDT-S 50ML,88300107681.0,1000+,30.0,10.45,,,0.0,102553.0,perfumedirect.com,£19.99 £399.80/L,https://www.idealo.co.uk/relocator/relocate?categoryId=16252&offerKey=7c9b7860c318c678386d6701ac5beabb&offerListId=102553-30859FEAC2743B9A71DDBABA2546AB8A&pos=8&price=19.99&productid=102553&sid=318630&type=offer
01-CK-CK1-07681-UK,CK CK1 EDT-S 50ML,88300107681.0,1000+,30.0,10.45,,,0.0,102553.0,my-origines.com(UK),£20.70 £414.00/L,https://www.idealo.co.uk/relocator/relocate?categoryId=16252&offerKey=c1319fb4ad4606a150a2c7de10ecfc2f&offerListId=102553-30859FEAC2743B9A71DDBABA2546AB8A&pos=9&price=20.70&productid=102553&sid=328503&type=offer
01-CK-CK1-07681-UK,CK CK1 EDT-S 50ML,88300107681.0,1000+,30.0,10.45,,,0.0,102553.0,secretsales.com (UK),£20.78 £415.60/L,https://www.idealo.co.uk/relocator/relocate?categoryId=16252&offerKey=225a2302232047b0e4ea434eaaadae33&offerListId=102553-30859FEAC2743B9A71DDBABA2546AB8A&pos=10&price=20.78&productid=102553&sid=324015&type=offer
01-CK-CK1-07681-UK,CK CK1 EDT-S 50ML,88300107681.0,1000+,30.0,10.45,,,0.0,102553.0,onbuy.com,£20.99 £419.80/L,https://www.idealo.co.uk/relocator/relocate?categoryId=16252&offerKey=986d13d08186a53198673233a1734335&offerListId=102553-30859FEAC2743B9A71DDBABA2546AB8A&pos=11&price=20.99&productid=102553&sid=316895&type=offer
01-CK-CK1-07681-UK,CK CK1 EDT-S 50ML,88300107681.0,1000+,30.0,10.45,,,0.0,102553.0,Tjhughes.co.uk,£22.00 £440.00/L,https://www.idealo.co.uk/relocator/relocate?categoryId=16252&offerKey=56a49b648d95871e4e23c13160284e86&offerListId=102553-30859FEAC2743B9A71DDBABA2546AB8A&pos=12&price=22.00&productid=102553&sid=28759&type=offer
01-CK-CK1-07681-UK,CK CK1 EDT-S 50ML,88300107681.0,1000+,30.0,10.45,,,0.0,102553.0,onbuy.com,£22.94 £458.80/L,https://www.idealo.co.uk/relocator/relocate?categoryId=16252&offerKey=d1ce5ad1134a2459fa3f6bf851975918&offerListId=102553-30859FEAC2743B9A71DDBABA2546AB8A&pos=13&price=22.94&productid=102553&sid=316895&type=offer
01-CK-CK1-07681-UK,CK CK1 EDT-S 50ML,88300107681.0,1000+,30.0,10.45,,,0.0,102553.0,onbuy.com,£31.03 £620.60/L,https://www.idealo.co.uk/relocator/relocate?categoryId=16252&offerKey=e74860de2320639f05028e4dd4094a05&offerListId=102553-30859FEAC2743B9A71DDBABA2546AB8A&pos=14&price=31.03&productid=102553&sid=316895&type=offer
01-CK-CK1-07681-UK,CK CK1 EDT-S 50ML,88300107681.0,1000+,30.0,10.45,,,0.0,102553.0,JDwilliams.co.uk,£36.00 £720.00/L,https://www.idealo.co.uk/relocator/relocate?categoryId=16252&offerKey=a3b2421b2130fc9033faf727c7a7cc73&offerListId=102553-30859FEAC2743B9A71DDBABA2546AB8A&pos=15&price=36.00&productid=102553&sid=273150&type=offer
01-CK-CK1-07681-UK,CK CK1 EDT-S 50ML,88300107681.0,1000+,30.0,10.45,,,0.0,102553.0,Jacamo.co.uk,£36.00 £720.00/L,https://www.idealo.co.uk/relocator/relocate?categoryId=16252&offerKey=15b0a74fe7ea030b5562a2c98781d3ea&offerListId=102553-30859FEAC2743B9A71DDBABA2546AB8A&pos=16&price=36.00&productid=102553&sid=221109&type=offer
01-CK-CK1-07681-UK,CK CK1 EDT-S 50ML,88300107681.0,1000+,30.0,10.45,,,0.0,102553.0,Luxplus.co.uk,£42.99 £859.80/L,https://www.idealo.co.uk/relocator/relocate?categoryId=16252&offerKey=9db5d9b56658bd976a4247a1add87607&offerListId=102553-30859FEAC2743B9A71DDBABA2546AB8A&pos=17&price=42.99&productid=102553&sid=322970&type=offer
01-CK-CK1-07681-UK,CK CK1 EDT-S 50ML,88300107681.0,1000+,30.0,10.45,,,0.0,102553.0,Luxplus.co.uk,£49.75 £995.00/L,https://www.idealo.co.uk/relocator/relocate?categoryId=16252&offerKey=0e8a82bbebcdbd84e794d281355b4a08&offerListId=102553-30859FEAC2743B9A71DDBABA2546AB8A&pos=18&price=49.75&productid=102553&sid=322970&type=offer
01-CK-CK1-DSP150,CK ONE DEO SPRAY 150ML,3614225971518.0,1000+,17.0,5.95,,,0.0,102551.0,,£9.44 £62.93/L,https://www.idealo.co.uk/relocator/relocate?categoryId=18454&offerKey=876b44576d39c981c146e8a4a6e43584&offerListId=102551-F3A5EB16070A7D4B78ABE9660D21A407&pos=1&price=9.44&productid=102551&sid=307734&type=offer
01-CK-CK1-DSP150,CK ONE DEO SPRAY 150ML,3614225971518.0,1000+,17.0,5.95,,,0.0,102551.0,onbuy.com,£10.40 £69.33/L,https://www.idealo.co.uk/relocator/relocate?categoryId=18454&offerKey=ebf41220d410a5b6f3ebf1b041e22d09&offerListId=102551-F3A5EB16070A7D4B78ABE9660D21A407&pos=2&price=10.40&productid=102551&sid=316895&type=offer
01-CK-CK1-DSP150,CK ONE DEO SPRAY 150ML,3614225971518.0,1000+,17.0,5.95,,,0.0,102551.0,allbeauty.com(UK),£10.95 £73.00/L,https://www.idealo.co.uk/relocator/relocate?categoryId=18454&offerKey=ac2a4a75e11b740046703b099c41707d&offerListId=102551-F3A5EB16070A7D4B78ABE9660D21A407&pos=3&price=10.95&productid=102551&sid=28942&type=offer
01-CK-CK1-DSP150,CK ONE DEO SPRAY 150ML,3614225971518.0,1000+,17.0,5.95,,,0.0,102551.0,Perfumeclick.co.uk,£11.10 £74.00/L,https://www.idealo.co.uk/relocator/relocate?categoryId=18454&offerKey=80b3d2adcd4b6f5586f914d3f00b6cf4&offerListId=102551-F3A5EB16070A7D4B78ABE9660D21A407&pos=4&price=11.10&productid=102551&sid=69736&type=offer
01-CK-CK1-DSP150,CK ONE DEO SPRAY 150ML,3614225971518.0,1000+,17.0,5.95,,,0.0,102551.0,cosmetify.com,£11.66 £77.73/L,https://www.idealo.co.uk/relocator/relocate?categoryId=18454&offerKey=746b08d932fbd3cb66c452e266b17e36&offerListId=102551-F3A5EB16070A7D4B78ABE9660D21A407&pos=5&price=11.66&productid=102551&sid=329503&type=offer
01-CK-CK1-DSP150,CK ONE DEO SPRAY 150ML,3614225971518.0,1000+,17.0,5.95,,,0.0,102551.0,ebay.co.uk,£15.22 £101.47/L,https://www.idealo.co.uk/relocator/relocate?categoryId=18454&offerKey=3b10155baa79ec38d50da2bb8b7c7190&offerListId=102551-F3A5EB16070A7D4B78ABE9660D21A407&pos=6&price=15.22&productid=102551&sid=22818&type=offer
01-CK-CK1-DSP150,CK ONE DEO SPRAY 150ML,3614225971518.0,1000+,17.0,5.95,,,0.0,102551.0,cazaar.co.uk,£16.02 £106.80/L,https://www.idealo.co.uk/relocator/relocate?categoryId=18454&offerKey=9d9e4d0f68fb7728eefdf81efcc4b4f9&offerListId=102551-F3A5EB16070A7D4B78ABE9660D21A407&pos=7&price=16.02&productid=102551&sid=331015&type=offer
01-CK-CK1-DSP150,CK ONE DEO SPRAY 150ML,3614225971518.0,1000+,17.0,5.95,,,0.0,102551.0,Luxplus.co.uk,£23.99 £159.93/L,https://www.idealo.co.uk/relocator/relocate?categoryId=18454&offerKey=61552b2f7fe1b8bc9806827d61e70b15&offerListId=102551-F3A5EB16070A7D4B78ABE9660D21A407&pos=8&price=23.99&productid=102551&sid=322970&type=offer
01-CK-CK1-DSP150,CK ONE DEO SPRAY 150ML,3614225971518.0,1000+,17.0,5.95,,,0.0,102551.0,onbuy.com,£24.00 £160.00/L,https://www.idealo.co.uk/relocator/relocate?categoryId=18454&offerKey=f4beda1a856a3b874be60a0c39784c3d&offerListId=102551-F3A5EB16070A7D4B78ABE9660D21A407&pos=9&price=24.00&productid=102551&sid=316895&type=offer
01-CK-CK1-DSP150,CK ONE DEO SPRAY 150ML,3614225971518.0,1000+,17.0,5.95,,,0.0,102551.0,onbuy.com,£25.90 £172.67/L,https://www.idealo.co.uk/relocator/relocate?categoryId=18454&offerKey=022dab92fc33a005b5b81950138975b5&offerListId=102551-F3A5EB16070A7D4B78ABE9660D21A407&pos=10&price=25.90&productid=102551&sid=316895&type=offer
01-CK-CK1-DST75,CK ONE DEO STICK 75G,88300108978.0,924,13.0,5.25,,,0.0,804968.0,beautybase.com(UK),£6.95 £92.67/L,https://www.idealo.co.uk/relocator/relocate?categoryId=18454&offerKey=343515a1e3ac6cafcc9709c395e611f4&offerListId=804968-0381C94445DD76FC52D1EA53E29893D1&pos=1&price=6.95&productid=804968&sid=299115&type=offer
01-CK-CK1-DST75,CK ONE DEO STICK 75G,88300108978.0,924,13.0,5.25,,,0.0,804968.0,Clearchemist.co.uk,£7.75 £103.33/L,https://www.idealo.co.uk/relocator/relocate?categoryId=18454&offerKey=89c567bf290ef4e73c616f9cc4edf9de&offerListId=804968-0381C94445DD76FC52D1EA53E29893D1&pos=2&price=7.75&productid=804968&sid=289670&type=offer
01-CK-CK1-DST75,CK ONE DEO STICK 75G,88300108978.0,924,13.0,5.25,,,0.0,804968.0,,£7.76 £103.47/L,https://www.idealo.co.uk/relocator/relocate?categoryId=18454&offerKey=57970e3d078e07f596d34000bb452165&offerListId=804968-0381C94445DD76FC52D1EA53E29893D1&pos=3&price=7.76&productid=804968&sid=307734&type=offer
01-CK-CK1-DST75,CK ONE DEO STICK 75G,88300108978.0,924,13.0,5.25,,,0.0,804968.0,my-origines.com(UK),£8.21 £109.47/L,https://www.idealo.co.uk/relocator/relocate?categoryId=18454&offerKey=cdb88515e97e2d0876bbcd748337603a&offerListId=804968-0381C94445DD76FC52D1EA53E29893D1&pos=4&price=8.21&productid=804968&sid=328503&type=offer
01-CK-CK1-DST75,CK ONE DEO STICK 75G,88300108978.0,924,13.0,5.25,,,0.0,804968.0,allbeauty.com(UK),£9.50 £126.67/L,https://www.idealo.co.uk/relocator/relocate?categoryId=18454&offerKey=4906555b8ed2560a1d7ec39b8b1f1d4b&offerListId=804968-0381C94445DD76FC52D1EA53E29893D1&pos=5&price=9.50&productid=804968&sid=28942&type=offer
01-CK-CK1-DST75,CK ONE DEO STICK 75G,88300108978.0,924,13.0,5.25,,,0.0,804968.0,Fragrancedirect.co.uk,£9.95 £132.67/L,https://www.idealo.co.uk/relocator/relocate?categoryId=18454&offerKey=1ac28e6f492399755c1de72ecf07cf3c&offerListId=804968-0381C94445DD76FC52D1EA53E29893D1&pos=6&price=9.95&productid=804968&sid=21971&type=offer
01-CK-CK1-DST75,CK ONE DEO STICK 75G,88300108978.0,924,13.0,5.25,,,0.0,804968.0,Directcosmetics.com(UK),£9.99 £133.20/L,https://www.idealo.co.uk/relocator/relocate?categoryId=18454&offerKey=bdda4ef49ec23814b346d8b262e4d137&offerListId=804968-0381C94445DD76FC52D1EA53E29893D1&pos=7&price=9.99&productid=804968&sid=24317&type=offer
01-CK-CK1-DST75,CK ONE DEO STICK 75G,88300108978.0,924,13.0,5.25,,,0.0,804968.0,parfumdreams.co.uk,£10.33 £137.73/L,https://www.idealo.co.uk/relocator/relocate?categoryId=18454&offerKey=f1c6c0eec8077a36149cd8e6cdc28931&offerListId=804968-0381C94445DD76FC52D1EA53E29893D1&pos=8&price=10.33&productid=804968&sid=316458&type=offer
01-CK-CK1-DST75,CK ONE DEO STICK 75G,88300108978.0,924,13.0,5.25,,,0.0,804968.0,cosmetify.com,£10.89 £145.20/L,https://www.idealo.co.uk/relocator/relocate?categoryId=18454&offerKey=83330db326ea889773cca815f6237a7a&offerListId=804968-0381C94445DD76FC52D1EA53E29893D1&pos=9&price=10.89&productid=804968&sid=329503&type=offer
01-CK-CK1-DST75,CK ONE DEO STICK 75G,88300108978.0,924,13.0,5.25,,,0.0,804968.0,perfumedirect.com,£10.89 £145.20/L,https://www.idealo.co.uk/relocator/relocate?categoryId=18454&offerKey=a580c21a5c86df4c9d37da447e18d956&offerListId=804968-0381C94445DD76FC52D1EA53E29893D1&pos=10&price=10.89&productid=804968&sid=318630&type=offer
01-CK-CK1-DST75,CK ONE DEO STICK 75G,88300108978.0,924,13.0,5.25,,,0.0,804968.0,ebay.co.uk,£11.49 £153.20/L,https://www.idealo.co.uk/relocator/relocate?categoryId=18454&offerKey=2f2d630aa4f885d8a5e9582644b42657&offerListId=804968-0381C94445DD76FC52D1EA53E29893D1&pos=11&price=11.49&productid=804968&sid=22818&type=offer
01-CK-CK1-DST75,CK ONE DEO STICK 75G,88300108978.0,924,13.0,5.25,,,0.0,804968.0,Luxplus.co.uk,£11.99 £159.87/L,https://www.idealo.co.uk/relocator/relocate?categoryId=18454&offerKey=b2c96cc5b7edddcac01f1af8ef3185e9&offerListId=804968-0381C94445DD76FC52D1EA53E29893D1&pos=12&price=11.99&productid=804968&sid=322970&type=offer
01-CK-CK1-DST75,CK ONE DEO STICK 75G,88300108978.0,924,13.0,5.25,,,0.0,804968.0,escentual.com(UK),£13.00 £173.33/L,https://www.idealo.co.uk/relocator/relocate?categoryId=18454&offerKey=cbf13e36e8b82684806be46038c79581&offerListId=804968-0381C94445DD76FC52D1EA53E29893D1&pos=13&price=13.00&productid=804968&sid=21988&type=offer
01-CK-CK1-DST75,CK ONE DEO STICK 75G,88300108978.0,924,13.0,5.25,,,0.0,804968.0,jarrold.co.uk,£13.00 £173.33/L,https://www.idealo.co.uk/relocator/relocate?categoryId=18454&offerKey=977fee31eb1cb63401e26793dc488726&offerListId=804968-0381C94445DD76FC52D1EA53E29893D1&pos=14&price=13.00&productid=804968&sid=320866&type=offer
01-CK-CK1-DST75,CK ONE DEO STICK 75G,88300108978.0,924,13.0,5.25,,,0.0,804968.0,amazon.co.uk,£16.50 £220.00/L,https://www.idealo.co.uk/relocator/relocate?categoryId=18454&offerKey=2d90958ee5ed0ee6277394648c0b6fde&offerListId=804968-0381C94445DD76FC52D1EA53E29893D1&pos=15&price=16.50&productid=804968&sid=12004&type=offer
01-CK-CK1-DST75,CK ONE DEO STICK 75G,88300108978.0,924,13.0,5.25,,,0.0,804968.0,onbuy.com,£16.89 £225.20/L,https://www.idealo.co.uk/relocator/relocate?categoryId=18454&offerKey=6fc12353babee41a1a6626329bf77de1&offerListId=804968-0381C94445DD76FC52D1EA53E29893D1&pos=16&price=16.89&productid=804968&sid=316895&type=offer
01-CK-CKBE-TS200,CK CKBE EDT-S 200ML,88300104437.0,719,72.0,14.95,,,0.0,609164.0,notino.co.uk,£21.90 £109.50/L,https://www.idealo.co.uk/relocator/relocate?categoryId=16252&offerKey=809864529800f923b9500c857942129e&offerListId=609164-EC2EA4FE21CD0C9ACCEEFEA18E960ABC&pos=1&price=21.90&productid=609164&sid=307734&type=offer
01-CK-CKBE-TS200,CK CKBE EDT-S 200ML,88300104437.0,719,72.0,14.95,,,0.0,609164.0,onbuy.com,£22.30 £111.50/L,https://www.idealo.co.uk/relocator/relocate?categoryId=16252&offerKey=23475e0bdae7331cbfddb3ddaff62ec2&offerListId=609164-EC2EA4FE21CD0C9ACCEEFEA18E960ABC&pos=2&price=22.30&productid=609164&sid=316895&type=offer
01-CK-CKBE-TS200,CK CKBE EDT-S 200ML,88300104437.0,719,72.0,14.95,,,0.0,609164.0,Scentsationalperfumes.com,£22.95 £114.75/L,https://www.idealo.co.uk/relocator/relocate?categoryId=16252&offerKey=76ce04d6370f1374d05bd5ef25ac9843&offerListId=609164-EC2EA4FE21CD0C9ACCEEFEA18E960ABC&pos=3&price=22.95&productid=609164&sid=282041&type=offer
01-CK-CKBE-TS200,CK CKBE EDT-S 200ML,88300104437.0,719,72.0,14.95,,,0.0,609164.0,cosmetify.com,£23.99 £119.95/L,https://www.idealo.co.uk/relocator/relocate?categoryId=16252&offerKey=fea31ac36f48a4451b9d6d5c2972353e&offerListId=609164-EC2EA4FE21CD0C9ACCEEFEA18E960ABC&pos=4&price=23.99&productid=609164&sid=329503&type=offer
01-CK-CKBE-TS200,CK CKBE EDT-S 200ML,88300104437.0,719,72.0,14.95,,,0.0,609164.0,perfumedirect.com,£23.99 £119.95/L,https://www.idealo.co.uk/relocator/relocate?categoryId=16252&offerKey=1ad65254ff9be6e951f540111878c592&offerListId=609164-EC2EA4FE21CD0C9ACCEEFEA18E960ABC&pos=5&price=23.99&productid=609164&sid=318630&type=offer
01-CK-CKBE-TS200,CK CKBE EDT-S 200ML,88300104437.0,719,72.0,14.95,,,0.0,609164.0,ebay.co.uk,£24.48 £122.40/L,https://www.idealo.co.uk/relocator/relocate?categoryId=16252&offerKey=1e150b2dbc31dfa25ce0eef6deddf550&offerListId=609164-EC2EA4FE21CD0C9ACCEEFEA18E960ABC&pos=6&price=24.48&productid=609164&sid=22818&type=offer
01-CK-CKBE-TS200,CK CKBE EDT-S 200ML,88300104437.0,719,72.0,14.95,,,0.0,609164.0,onbuy.com,£24.80 £124.00/L,https://www.idealo.co.uk/relocator/relocate?categoryId=16252&offerKey=3e56c41293b65e74722e68642b3a7840&offerListId=609164-EC2EA4FE21CD0C9ACCEEFEA18E960ABC&pos=7&price=24.80&productid=609164&sid=316895&type=offer
01-CK-CKBE-TS200,CK CKBE EDT-S 200ML,88300104437.0,719,72.0,14.95,,,0.0,609164.0,perfumeprice.co.uk,£24.95 £124.75/L,https://www.idealo.co.uk/relocator/relocate?categoryId=16252&offerKey=05a3bbae1d5724c3ce519a5330a693b1&offerListId=609164-EC2EA4FE21CD0C9ACCEEFEA18E960ABC&pos=8&price=24.95&productid=609164&sid=321700&type=offer
01-CK-CKBE-TS200,CK CKBE EDT-S 200ML,88300104437.0,719,72.0,14.95,,,0.0,609164.0,Dressinn.com (UK),£24.99 £124.95/L,https://www.idealo.co.uk/relocator/relocate?categoryId=16252&offerKey=d96cf31a21bb3274b257507d32c86c72&offerListId=609164-EC2EA4FE21CD0C9ACCEEFEA18E960ABC&pos=9&price=24.99&productid=609164&sid=318629&type=offer
01-CK-CKBE-TS200,CK CKBE EDT-S 200ML,88300104437.0,719,72.0,14.95,,,0.0,609164.0,Perfumeclick.co.uk,£25.50 £127.50/L,https://www.idealo.co.uk/relocator/relocate?categoryId=16252&offerKey=53c3d2d7b05923b97f4d46112aa9681d&offerListId=609164-EC2EA4FE21CD0C9ACCEEFEA18E960ABC&pos=10&price=25.50&productid=609164&sid=69736&type=offer
01-CK-CKBE-TS200,CK CKBE EDT-S 200ML,88300104437.0,719,72.0,14.95,,,0.0,609164.0,cosmetify.com,£25.50 £127.50/L,https://www.idealo.co.uk/relocator/relocate?categoryId=16252&offerKey=afb97d8418e75862be29cd5692991e0f&offerListId=609164-EC2EA4FE21CD0C9ACCEEFEA18E960ABC&pos=11&price=25.50&productid=609164&sid=329503&type=offer
01-CK-CKBE-TS200,CK CKBE EDT-S 200ML,88300104437.0,719,72.0,14.95,,,0.0,609164.0,Robertdyas.co.uk,£25.99 £129.95/L,https://www.idealo.co.uk/relocator/relocate?categoryId=16252&offerKey=628cb4b84c1766947c6a34be78273289&offerListId=609164-EC2EA4FE21CD0C9ACCEEFEA18E960ABC&pos=12&price=25.99&productid=609164&sid=22151&type=offer
01-CK-CKBE-TS200,CK CKBE EDT-S 200ML,88300104437.0,719,72.0,14.95,,,0.0,609164.0,Therange.co.uk,£26.55 £132.75/L,https://www.idealo.co.uk/relocator/relocate?categoryId=16252&offerKey=3aa7c4c6d38d25faa14d4ab4865dbce2&offerListId=609164-EC2EA4FE21CD0C9ACCEEFEA18E960ABC&pos=13&price=26.55&productid=609164&sid=288194&type=offer
01-CK-CKBE-TS200,CK CKBE EDT-S 200ML,88300104437.0,719,72.0,14.95,,,0.0,609164.0,debenhams.com,£27.00 £135.00/L,https://www.idealo.co.uk/relocator/relocate?categoryId=16252&offerKey=0b80e95483dd32c94185a8fd4df69a9e&offerListId=609164-EC2EA4FE21CD0C9ACCEEFEA18E960ABC&pos=14&price=27.00&productid=609164&sid=324109&type=offer
01-CK-CKBE-TS200,CK CKBE EDT-S 200ML,88300104437.0,719,72.0,14.95,,,0.0,609164.0,secretsales.com (UK),£27.95 £139.75/L,https://www.idealo.co.uk/relocator/relocate?categoryId=16252&offerKey=ff8e80c068089b2c20f7837d798a0c3d&offerListId=609164-EC2EA4FE21CD0C9ACCEEFEA18E960ABC&pos=15&price=27.95&productid=609164&sid=324015&type=offer
01-CK-CKBE-TS200,CK CKBE EDT-S 200ML,88300104437.0,719,72.0,14.95,,,0.0,609164.0,Fragrancedirect.co.uk,£29.95 £149.75/L,https://www.idealo.co.uk/relocator/relocate?categoryId=16252&offerKey=0b39d9ace1ca5c6e6efc461ea27c7c7a&offerListId=609164-EC2EA4FE21CD0C9ACCEEFEA18E960ABC&pos=16&price=29.95&productid=609164&sid=21971&type=offer
01-CK-CKBE-TS200,CK CKBE EDT-S 200ML,88300104437.0,719,72.0,14.95,,,0.0,609164.0,beautybase.com(UK),£29.95 £149.75/L,https://www.idealo.co.uk/relocator/relocate?categoryId=16252&offerKey=a6812b13db0ae50fbbccde3137678c21&offerListId=609164-EC2EA4FE21CD0C9ACCEEFEA18E960ABC&pos=17&price=29.95&productid=609164&sid=299115&type=offer
01-CK-CKBE-TS200,CK CKBE EDT-S 200ML,88300104437.0,719,72.0,14.95,,,0.0,609164.0,allbeauty.com(UK),£32.95 £164.75/L,https://www.idealo.co.uk/relocator/relocate?categoryId=16252&offerKey=cb8bcc80dc81c60c692f2c1a878d4803&offerListId=609164-EC2EA4FE21CD0C9ACCEEFEA18E960ABC&pos=18&price=32.95&productid=609164&sid=28942&type=offer
01-CK-CKBE-TS200,CK CKBE EDT-S 200ML,88300104437.0,719,72.0,14.95,,,0.0,609164.0,Amazon-marketplace.co.uk,£33.30 £166.50/L,https://www.idealo.co.uk/relocator/relocate?categoryId=16252&offerKey=72ebe18c5690b223e48c744dc755b498&offerListId=609164-EC2EA4FE21CD0C9ACCEEFEA18E960ABC&pos=19&price=33.30&productid=609164&sid=22828&type=offer
01-CK-CKBE-TS200,CK CKBE EDT-S 200ML,88300104437.0,719,72.0,14.95,,,0.0,609164.0,Clearchemist.co.uk,£35.34 £176.70/L,https://www.idealo.co.uk/relocator/relocate?categoryId=16252&offerKey=c4ea96b8684d724d236a2043f3336a6e&offerListId=609164-EC2EA4FE21CD0C9ACCEEFEA18E960ABC&pos=20&price=35.34&productid=609164&sid=289670&type=offer
01-CK-CONT-PS100,CK CONTRADICTION EDP-S 100ML,88300602513.0,1000+,74.0,14.25,,,0.0,588807.0,Perfumeclick.co.uk,£23.00 £230.00/L,https://www.idealo.co.uk/relocator/relocate?categoryId=3972&offerKey=540dc8a234f69a1a1096c69fa030aa7c&offerListId=588807-90CFFC932DC3626CC1A21916B41A6D30&pos=1&price=23.00&productid=588807&sid=69736&type=offer
01-CK-CONT-PS100,CK CONTRADICTION EDP-S 100ML,88300602513.0,1000+,74.0,14.25,,,0.0,588807.0,cosmetify.com,£24.15 £241.50/L,https://www.idealo.co.uk/relocator/relocate?categoryId=3972&offerKey=5306ed6fe0080e768c45f497697ed6b4&offerListId=588807-90CFFC932DC3626CC1A21916B41A6D30&pos=2&price=24.15&productid=588807&sid=329503&type=offer
01-CK-CONT-PS100,CK CONTRADICTION EDP-S 100ML,88300602513.0,1000+,74.0,14.25,,,0.0,588807.0,allbeauty.com(UK),£24.50 £245.00/L,https://www.idealo.co.uk/relocator/relocate?categoryId=3972&offerKey=320e141e97649098648140d9f4ed524b&offerListId=588807-90CFFC932DC3626CC1A21916B41A6D30&pos=3&price=24.50&productid=588807&sid=28942&type=offer
01-CK-CONT-PS100,CK CONTRADICTION EDP-S 100ML,88300602513.0,1000+,74.0,14.25,,,0.0,588807.0,perfumedirect.com,£25.99 £259.90/L,https://www.idealo.co.uk/relocator/relocate?categoryId=3972&offerKey=55cc6433f5c2fe11310a3b616e1db59c&offerListId=588807-90CFFC932DC3626CC1A21916B41A6D30&pos=4&price=25.99&productid=588807&sid=318630&type=offer
01-CK-CONT-PS100,CK CONTRADICTION EDP-S 100ML,88300602513.0,1000+,74.0,14.25,,,0.0,588807.0,ebay.co.uk,£26.99 £269.90/L,https://www.idealo.co.uk/relocator/relocate?categoryId=3972&offerKey=a1ff7dbcac1a60f438a9e2ca2985c969&offerListId=588807-90CFFC932DC3626CC1A21916B41A6D30&pos=5&price=26.99&productid=588807&sid=22818&type=offer
01-CK-CONT-PS100,CK CONTRADICTION EDP-S 100ML,88300602513.0,1000+,74.0,14.25,,,0.0,588807.0,onbuy.com,£27.21 £272.10/L,https://www.idealo.co.uk/relocator/relocate?categoryId=3972&offerKey=691ef264167e12cbfdc3efdcf2f271e8&offerListId=588807-90CFFC932DC3626CC1A21916B41A6D30&pos=6&price=27.21&productid=588807&sid=316895&type=offer
01-CK-CONT-PS100,CK CONTRADICTION EDP-S 100ML,88300602513.0,1000+,74.0,14.25,,,0.0,588807.0,groupon.co.uk,£28.99 £289.90/L,https://www.idealo.co.uk/relocator/relocate?categoryId=3972&offerKey=e6bf1439202534af8f272bd806966e62&offerListId=588807-90CFFC932DC3626CC1A21916B41A6D30&pos=7&price=28.99&productid=588807&sid=313205&type=offer
01-CK-CONT-PS100,CK CONTRADICTION EDP-S 100ML,88300602513.0,1000+,74.0,14.25,,,0.0,588807.0,onbuy.com,£32.24 £322.40/L,https://www.idealo.co.uk/relocator/relocate?categoryId=3972&offerKey=af7ecf9bc0ac3df2688724243a2f227c&offerListId=588807-90CFFC932DC3626CC1A21916B41A6D30&pos=8&price=32.24&productid=588807&sid=316895&type=offer
01-CK-CONT-PS100,CK CONTRADICTION EDP-S 100ML,88300602513.0,1000+,74.0,14.25,,,0.0,588807.0,beautybase.com(UK),£37.00 £370.00/L,https://www.idealo.co.uk/relocator/relocate?categoryId=3972&offerKey=ce84e996a473692d0056726162146179&offerListId=588807-90CFFC932DC3626CC1A21916B41A6D30&pos=9&price=37.00&productid=588807&sid=299115&type=offer
01-CK-CONT-PS100,CK CONTRADICTION EDP-S 100ML,88300602513.0,1000+,74.0,14.25,,,0.0,588807.0,Expresschemist.co.uk,£38.00 £380.00/L,https://www.idealo.co.uk/relocator/relocate?categoryId=3972&offerKey=f105ca5fa59b293611ac3b053051f094&offerListId=588807-90CFFC932DC3626CC1A21916B41A6D30&pos=10&price=38.00&productid=588807&sid=22167&type=offer
01-CK-CONT-PS100,CK CONTRADICTION EDP-S 100ML,88300602513.0,1000+,74.0,14.25,,,0.0,588807.0,cazaar.co.uk,£60.20 £602.00/L,https://www.idealo.co.uk/relocator/relocate?categoryId=3972&offerKey=36c3fb6ddbbf4e9101a70c4ae55b2991&offerListId=588807-90CFFC932DC3626CC1A21916B41A6D30&pos=11&price=60.20&productid=588807&sid=331015&type=offer
01-CK-CONT-PS100,CK CONTRADICTION EDP-S 100ML,88300602513.0,1000+,74.0,14.25,,,0.0,588807.0,Luxplus.co.uk,£66.99 £669.90/L,https://www.idealo.co.uk/relocator/relocate?categoryId=3972&offerKey=e5bcd769f81fb2734cc00d633e1262a2&offerListId=588807-90CFFC932DC3626CC1A21916B41A6D30&pos=12&price=66.99&productid=588807&sid=322970&type=offer
01-CK-CONT-PS100,CK CONTRADICTION EDP-S 100ML,88300602513.0,1000+,74.0,14.25,,,0.0,588807.0,freemans.com (UK),£74.00 £740.00/L,https://www.idealo.co.uk/relocator/relocate?categoryId=3972&offerKey=5a467391f016a7613023bf8cb0d9487c&offerListId=588807-90CFFC932DC3626CC1A21916B41A6D30&pos=13&price=74.00&productid=588807&sid=320471&type=offer
01-CK-ESC-PS100,CK ESCAPE EDP-S 100ML,88300608409.0,1000+,70.0,15.75,,,0.0,588816.0,Clearchemist.co.uk,£24.35 £243.50/L,https://www.idealo.co.uk/relocator/relocate?categoryId=3972&offerKey=fabef10884c72d073f2b60239740cfa7&offerListId=588816-61AC665EBB6D02F645B540DCD69ECCCC&pos=1&price=24.35&productid=588816&sid=289670&type=offer
01-CK-ESC-PS100,CK ESCAPE EDP-S 100ML,88300608409.0,1000+,70.0,15.75,,,0.0,588816.0,ebay.co.uk,£25.99 £259.90/L,https://www.idealo.co.uk/relocator/relocate?categoryId=3972&offerKey=fc5559204ad173fcb220965c8775e163&offerListId=588816-61AC665EBB6D02F645B540DCD69ECCCC&pos=2&price=25.99&productid=588816&sid=22818&type=offer
01-CK-ESC-PS100,CK ESCAPE EDP-S 100ML,88300608409.0,1000+,70.0,15.75,,,0.0,588816.0,onbuy.com,£25.99 £259.90/L,https://www.idealo.co.uk/relocator/relocate?categoryId=3972&offerKey=c6b697c28842fe6c21826e909feab7a1&offerListId=588816-61AC665EBB6D02F645B540DCD69ECCCC&pos=3&price=25.99&productid=588816&sid=316895&type=offer
01-CK-ESC-PS100,CK ESCAPE EDP-S 100ML,88300608409.0,1000+,70.0,15.75,,,0.0,588816.0,Perfumeclick.co.uk,£26.50 £265.00/L,https://www.idealo.co.uk/relocator/relocate?categoryId=3972&offerKey=2df0477a290e98ba757df7364c4d33b1&offerListId=588816-61AC665EBB6D02F645B540DCD69ECCCC&pos=4&price=26.50&productid=588816&sid=69736&type=offer
01-CK-ESC-PS100,CK ESCAPE EDP-S 100ML,88300608409.0,1000+,70.0,15.75,,,0.0,588816.0,cosmetify.com,£27.83 £278.30/L,https://www.idealo.co.uk/relocator/relocate?categoryId=3972&offerKey=4d785d13f9bb1d9ccc8078ff9e69c826&offerListId=588816-61AC665EBB6D02F645B540DCD69ECCCC&pos=5&price=27.83&productid=588816&sid=329503&type=offer
01-CK-ESC-PS100,CK ESCAPE EDP-S 100ML,88300608409.0,1000+,70.0,15.75,,,0.0,588816.0,perfumeprice.co.uk,£29.95 £299.50/L,https://www.idealo.co.uk/relocator/relocate?categoryId=3972&offerKey=098e19d0bb3f632e1ab7ff0bcd19d5b6&offerListId=588816-61AC665EBB6D02F645B540DCD69ECCCC&pos=6&price=29.95&productid=588816&sid=321700&type=offer
01-CK-ESC-PS100,CK ESCAPE EDP-S 100ML,88300608409.0,1000+,70.0,15.75,,,0.0,588816.0,allbeauty.com(UK),£29.95 £299.50/L,https://www.idealo.co.uk/relocator/relocate?categoryId=3972&offerKey=0a4c788f67b3f6bb550f8a76de225d05&offerListId=588816-61AC665EBB6D02F645B540DCD69ECCCC&pos=7&price=29.95&productid=588816&sid=28942&type=offer
01-CK-ESC-PS100,CK ESCAPE EDP-S 100ML,88300608409.0,1000+,70.0,15.75,,,0.0,588816.0,onbuy.com,£29.95 £299.50/L,https://www.idealo.co.uk/relocator/relocate?categoryId=3972&offerKey=aec14a1a18a50a3484c56ecdf07277c2&offerListId=588816-61AC665EBB6D02F645B540DCD69ECCCC&pos=8&price=29.95&productid=588816&sid=316895&type=offer
01-CK-ESC-PS100,CK ESCAPE EDP-S 100ML,88300608409.0,1000+,70.0,15.75,,,0.0,588816.0,perfumedirect.com,£30.99 £309.90/L,https://www.idealo.co.uk/relocator/relocate?categoryId=3972&offerKey=2c91f676c836f09d3c7c327211b6a3b2&offerListId=588816-61AC665EBB6D02F645B540DCD69ECCCC&pos=9&price=30.99&productid=588816&sid=318630&type=offer
01-CK-ESC-PS100,CK ESCAPE EDP-S 100ML,88300608409.0,1000+,70.0,15.75,,,0.0,588816.0,secretsales.com (UK),£31.59 £315.90/L,https://www.idealo.co.uk/relocator/relocate?categoryId=3972&offerKey=e74edadfed05146fd913b066f2c13db2&offerListId=588816-61AC665EBB6D02F645B540DCD69ECCCC&pos=10&price=31.59&productid=588816&sid=324015&type=offer
01-CK-ESC-PS100,CK ESCAPE EDP-S 100ML,88300608409.0,1000+,70.0,15.75,,,0.0,588816.0,Expresschemist.co.uk,£35.00 £350.00/L,https://www.idealo.co.uk/relocator/relocate?categoryId=3972&offerKey=2dece6d3f3ded4fc9b980923b0bdebb4&offerListId=588816-61AC665EBB6D02F645B540DCD69ECCCC&pos=11&price=35.00&productid=588816&sid=22167&type=offer
01-CK-ESC-PS100,CK ESCAPE EDP-S 100ML,88300608409.0,1000+,70.0,15.75,,,0.0,588816.0,my-origines.com(UK),£38.41 £384.10/L,https://www.idealo.co.uk/relocator/relocate?categoryId=3972&offerKey=1a00d0f53b97dc8d7bcfd7ee83d768e3&offerListId=588816-61AC665EBB6D02F645B540DCD69ECCCC&pos=12&price=38.41&productid=588816&sid=328503&type=offer
01-CK-ESC-PS100,CK ESCAPE EDP-S 100ML,88300608409.0,1000+,70.0,15.75,,,0.0,588816.0,fruugo.co.uk,£43.95 £439.50/L,https://www.idealo.co.uk/relocator/relocate?categoryId=3972&offerKey=248f4ef488f2807de68427097b8483bf&offerListId=588816-61AC665EBB6D02F645B540DCD69ECCCC&pos=13&price=43.95&productid=588816&sid=308713&type=offer
01-CK-ESC-PS100,CK ESCAPE EDP-S 100ML,88300608409.0,1000+,70.0,15.75,,,0.0,588816.0,Luxplus.co.uk,£57.99 £579.90/L,https://www.idealo.co.uk/relocator/relocate?categoryId=3972&offerKey=bdcec58c6a4ccd1c344f41400c4ca1a8&offerListId=588816-61AC665EBB6D02F645B540DCD69ECCCC&pos=14&price=57.99&productid=588816&sid=322970&type=offer
01-CK-ESC-PS100,CK ESCAPE EDP-S 100ML,88300608409.0,1000+,70.0,15.75,,,0.0,588816.0,cazaar.co.uk,£73.10 £731.00/L,https://www.idealo.co.uk/relocator/relocate?categoryId=3972&offerKey=4e35875573b3bfea6bd3ee5a83c708d1&offerListId=588816-61AC665EBB6D02F645B540DCD69ECCCC&pos=15&price=73.10&productid=588816&sid=331015&type=offer
01-CK-ETEF-PS100,CK ETERNITY FLAME EDP-S 100ML,3614225671333.0,1000+,74.0,13.25,,,0.0,6431359.0,cosmetify.com,£22.94 £229.40/L,https://www.idealo.co.uk/relocator/relocate?categoryId=3972&offerKey=f2de5fa1c6541dd4597183ce2c315c44&offerListId=6431359-46554435CE07C2A74EC7B886F25EA12A&pos=1&price=22.94&productid=6431359&sid=329503&type=offer
01-CK-ETEF-PS100,CK ETERNITY FLAME EDP-S 100ML,3614225671333.0,1000+,74.0,13.25,,,0.0,6431359.0,ebay.co.uk,£22.99 £229.90/L,https://www.idealo.co.uk/relocator/relocate?categoryId=3972&offerKey=a5dd40ea77974596c3da53920184b563&offerListId=6431359-46554435CE07C2A74EC7B886F25EA12A&pos=2&price=22.99&productid=6431359&sid=22818&type=offer
01-CK-ETEF-PS100,CK ETERNITY FLAME EDP-S 100ML,3614225671333.0,1000+,74.0,13.25,,,0.0,6431359.0,secretsales.com (UK),£23.98 £239.80/L,https://www.idealo.co.uk/relocator/relocate?categoryId=3972&offerKey=704a2c1f2894929925bcd09cd0d9df5b&offerListId=6431359-46554435CE07C2A74EC7B886F25EA12A&pos=3&price=23.98&productid=6431359&sid=324015&type=offer
01-CK-ETEF-PS100,CK ETERNITY FLAME EDP-S 100ML,3614225671333.0,1000+,74.0,13.25,,,0.0,6431359.0,allbeauty.com(UK),£24.95 £249.50/L,https://www.idealo.co.uk/relocator/relocate?categoryId=3972&offerKey=d8fec921daf2ee2edcbb16e378cec41a&offerListId=6431359-46554435CE07C2A74EC7B886F25EA12A&pos=4&price=24.95&productid=6431359&sid=28942&type=offer
01-CK-ETEF-PS100,CK ETERNITY FLAME EDP-S 100ML,3614225671333.0,1000+,74.0,13.25,,,0.0,6431359.0,onbuy.com,£24.99 £249.90/L,https://www.idealo.co.uk/relocator/relocate?categoryId=3972&offerKey=fc678d4dfd7518ddeba6052b74fe7cc2&offerListId=6431359-46554435CE07C2A74EC7B886F25EA12A&pos=5&price=24.99&productid=6431359&sid=316895&type=offer
01-CK-ETEF-PS100,CK ETERNITY FLAME EDP-S 100ML,3614225671333.0,1000+,74.0,13.25,,,0.0,6431359.0,beautybase.com(UK),£25.00 £250.00/L,https://www.idealo.co.uk/relocator/relocate?categoryId=3972&offerKey=cd7566b481c2155b4caf18df60037988&offerListId=6431359-46554435CE07C2A74EC7B886F25EA12A&pos=6&price=25.00&productid=6431359&sid=299115&type=offer
01-CK-ETEF-PS100,CK ETERNITY FLAME EDP-S 100ML,3614225671333.0,1000+,74.0,13.25,,,0.0,6431359.0,groupon.co.uk,£25.99 £259.90/L,https://www.idealo.co.uk/relocator/relocate?categoryId=3972&offerKey=946174895271ded2c7cedfaf8b855e23&offerListId=6431359-46554435CE07C2A74EC7B886F25EA12A&pos=7&price=25.99&productid=6431359&sid=313205&type=offer
01-CK-ETEF-PS100,CK ETERNITY FLAME EDP-S 100ML,3614225671333.0,1000+,74.0,13.25,,,0.0,6431359.0,perfumedirect.com,£25.99 £259.90/L,https://www.idealo.co.uk/relocator/relocate?categoryId=3972&offerKey=a8811ff88de7173a93b81d393e24341e&offerListId=6431359-46554435CE07C2A74EC7B886F25EA12A&pos=8&price=25.99&productid=6431359&sid=318630&type=offer
01-CK-ETEF-PS100,CK ETERNITY FLAME EDP-S 100ML,3614225671333.0,1000+,74.0,13.25,,,0.0,6431359.0,Perfumeshopping.com(UK),£29.02 £290.20/L,https://www.idealo.co.uk/relocator/relocate?categoryId=3972&offerKey=848d339e610497ae7e544c1db129a175&offerListId=6431359-46554435CE07C2A74EC7B886F25EA12A&pos=9&price=29.02&productid=6431359&sid=282217&type=offer
01-CK-ETEF-PS100,CK ETERNITY FLAME EDP-S 100ML,3614225671333.0,1000+,74.0,13.25,,,0.0,6431359.0,Fragrancedirect.co.uk,£29.95 £299.50/L,https://www.idealo.co.uk/relocator/relocate?categoryId=3972&offerKey=7240d724e4640412558fc7617fe3c213&offerListId=6431359-46554435CE07C2A74EC7B886F25EA12A&pos=10&price=29.95&productid=6431359&sid=21971&type=offer
01-CK-ETEF-PS100,CK ETERNITY FLAME EDP-S 100ML,3614225671333.0,1000+,74.0,13.25,,,0.0,6431359.0,Expresschemist.co.uk,£32.39 £323.90/L,https://www.idealo.co.uk/relocator/relocate?categoryId=3972&offerKey=1c6a70d20072df67a76278a67e79d694&offerListId=6431359-46554435CE07C2A74EC7B886F25EA12A&pos=11&price=32.39&productid=6431359&sid=22167&type=offer
01-CK-ETEF-PS100,CK ETERNITY FLAME EDP-S 100ML,3614225671333.0,1000+,74.0,13.25,,,0.0,6431359.0,Directcosmetics.com(UK),£39.99 £399.90/L,https://www.idealo.co.uk/relocator/relocate?categoryId=3972&offerKey=6ba7f322540d0019e8bf16dd87f26d7f&offerListId=6431359-46554435CE07C2A74EC7B886F25EA12A&pos=12&price=39.99&productid=6431359&sid=24317&type=offer
01-CK-ETEF-PS100,CK ETERNITY FLAME EDP-S 100ML,3614225671333.0,1000+,74.0,13.25,,,0.0,6431359.0,Luxplus.co.uk,£57.99 £579.90/L,https://www.idealo.co.uk/relocator/relocate?categoryId=3972&offerKey=35c0b7c6fcab4bfed911a22f8806bed6&offerListId=6431359-46554435CE07C2A74EC7B886F25EA12A&pos=13&price=57.99&productid=6431359&sid=322970&type=offer
01-CK-ETEF-PS100,CK ETERNITY FLAME EDP-S 100ML,3614225671333.0,1000+,74.0,13.25,,,0.0,6431359.0,cosmetify.com,£22.94 £229.40/L,https://www.idealo.co.uk/relocator/relocate?categoryId=3972&offerKey=f2de5fa1c6541dd4597183ce2c315c44&offerListId=6431359-46554435CE07C2A74EC7B886F25EA12A&pos=1&price=22.94&productid=6431359&sid=329503&type=offer
01-CK-ETEF-PS100,CK ETERNITY FLAME EDP-S 100ML,3614225671333.0,1000+,74.0,13.25,,,0.0,6431359.0,ebay.co.uk,£22.99 £229.90/L,https://www.idealo.co.uk/relocator/relocate?categoryId=3972&offerKey=a5dd40ea77974596c3da53920184b563&offerListId=6431359-46554435CE07C2A74EC7B886F25EA12A&pos=2&price=22.99&productid=6431359&sid=22818&type=offer
01-CK-ETEF-PS100,CK ETERNITY FLAME EDP-S 100ML,3614225671333.0,1000+,74.0,13.25,,,0.0,6431359.0,secretsales.com (UK),£23.98 £239.80/L,https://www.idealo.co.uk/relocator/relocate?categoryId=3972&offerKey=704a2c1f2894929925bcd09cd0d9df5b&offerListId=6431359-46554435CE07C2A74EC7B886F25EA12A&pos=3&price=23.98&productid=6431359&sid=324015&type=offer
01-CK-ETEF-PS100,CK ETERNITY FLAME EDP-S 100ML,3614225671333.0,1000+,74.0,13.25,,,0.0,6431359.0,allbeauty.com(UK),£24.95 £249.50/L,https://www.idealo.co.uk/relocator/relocate?categoryId=3972&offerKey=d8fec921daf2ee2edcbb16e378cec41a&offerListId=6431359-46554435CE07C2A74EC7B886F25EA12A&pos=4&price=24.95&productid=6431359&sid=28942&type=offer
01-CK-ETEF-PS100,CK ETERNITY FLAME EDP-S 100ML,3614225671333.0,1000+,74.0,13.25,,,0.0,6431359.0,onbuy.com,£24.99 £249.90/L,https://www.idealo.co.uk/relocator/relocate?categoryId=3972&offerKey=fc678d4dfd7518ddeba6052b74fe7cc2&offerListId=6431359-46554435CE07C2A74EC7B886F25EA12A&pos=5&price=24.99&productid=6431359&sid=316895&type=offer
01-CK-ETEF-PS100,CK ETERNITY FLAME EDP-S 100ML,3614225671333.0,1000+,74.0,13.25,,,0.0,6431359.0,beautybase.com(UK),£25.00 £250.00/L,https://www.idealo.co.uk/relocator/relocate?categoryId=3972&offerKey=cd7566b481c2155b4caf18df60037988&offerListId=6431359-46554435CE07C2A74EC7B886F25EA12A&pos=6&price=25.00&productid=6431359&sid=299115&type=offer
01-CK-ETEF-PS100,CK ETERNITY FLAME EDP-S 100ML,3614225671333.0,1000+,74.0,13.25,,,0.0,6431359.0,groupon.co.uk,£25.99 £259.90/L,https://www.idealo.co.uk/relocator/relocate?categoryId=3972&offerKey=946174895271ded2c7cedfaf8b855e23&offerListId=6431359-46554435CE07C2A74EC7B886F25EA12A&pos=7&price=25.99&productid=6431359&sid=313205&type=offer
01-CK-ETEF-PS100,CK ETERNITY FLAME EDP-S 100ML,3614225671333.0,1000+,74.0,13.25,,,0.0,6431359.0,perfumedirect.com,£25.99 £259.90/L,https://www.idealo.co.uk/relocator/relocate?categoryId=3972&offerKey=a8811ff88de7173a93b81d393e24341e&offerListId=6431359-46554435CE07C2A74EC7B886F25EA12A&pos=8&price=25.99&productid=6431359&sid=318630&type=offer
01-CK-ETEF-PS100,CK ETERNITY FLAME EDP-S 100ML,3614225671333.0,1000+,74.0,13.25,,,0.0,6431359.0,Perfumeshopping.com(UK),£29.02 £290.20/L,https://www.idealo.co.uk/relocator/relocate?categoryId=3972&offerKey=848d339e610497ae7e544c1db129a175&offerListId=6431359-46554435CE07C2A74EC7B886F25EA12A&pos=9&price=29.02&productid=6431359&sid=282217&type=offer
01-CK-ETEF-PS100,CK ETERNITY FLAME EDP-S 100ML,3614225671333.0,1000+,74.0,13.25,,,0.0,6431359.0,Fragrancedirect.co.uk,£29.95 £299.50/L,https://www.idealo.co.uk/relocator/relocate?categoryId=3972&offerKey=7240d724e4640412558fc7617fe3c213&offerListId=6431359-46554435CE07C2A74EC7B886F25EA12A&pos=10&price=29.95&productid=6431359&sid=21971&type=offer
01-CK-ETEF-PS100,CK ETERNITY FLAME EDP-S 100ML,3614225671333.0,1000+,74.0,13.25,,,0.0,6431359.0,Expresschemist.co.uk,£32.39 £323.90/L,https://www.idealo.co.uk/relocator/relocate?categoryId=3972&offerKey=1c6a70d20072df67a76278a67e79d694&offerListId=6431359-46554435CE07C2A74EC7B886F25EA12A&pos=11&price=32.39&productid=6431359&sid=22167&type=offer
01-CK-ETEF-PS100,CK ETERNITY FLAME EDP-S 100ML,3614225671333.0,1000+,74.0,13.25,,,0.0,6431359.0,Directcosmetics.com(UK),£39.99 £399.90/L,https://www.idealo.co.uk/relocator/relocate?categoryId=3972&offerKey=6ba7f322540d0019e8bf16dd87f26d7f&offerListId=6431359-46554435CE07C2A74EC7B886F25EA12A&pos=12&price=39.99&productid=6431359&sid=24317&type=offer
01-CK-ETEF-PS100,CK ETERNITY FLAME EDP-S 100ML,3614225671333.0,1000+,74.0,13.25,,,0.0,6431359.0,Luxplus.co.uk,£57.99 £579.90/L,https://www.idealo.co.uk/relocator/relocate?categoryId=3972&offerKey=35c0b7c6fcab4bfed911a22f8806bed6&offerListId=6431359-46554435CE07C2A74EC7B886F25EA12A&pos=13&price=57.99&productid=6431359&sid=322970&type=offer
01-CK-ETEF-PS100-UK,CK ETERNITY FLAME EDP-S 100ML,3614225671333.0,1000+,74.0,13.25,,,0.0,6431359.0,cosmetify.com,£22.94 £229.40/L,https://www.idealo.co.uk/relocator/relocate?categoryId=3972&offerKey=f2de5fa1c6541dd4597183ce2c315c44&offerListId=6431359-46554435CE07C2A74EC7B886F25EA12A&pos=1&price=22.94&productid=6431359&sid=329503&type=offer
01-CK-ETEF-PS100-UK,CK ETERNITY FLAME EDP-S 100ML,3614225671333.0,1000+,74.0,13.25,,,0.0,6431359.0,ebay.co.uk,£22.99 £229.90/L,https://www.idealo.co.uk/relocator/relocate?categoryId=3972&offerKey=a5dd40ea77974596c3da53920184b563&offerListId=6431359-46554435CE07C2A74EC7B886F25EA12A&pos=2&price=22.99&productid=6431359&sid=22818&type=offer
01-CK-ETEF-PS100-UK,CK ETERNITY FLAME EDP-S 100ML,3614225671333.0,1000+,74.0,13.25,,,0.0,6431359.0,secretsales.com (UK),£23.98 £239.80/L,https://www.idealo.co.uk/relocator/relocate?categoryId=3972&offerKey=704a2c1f2894929925bcd09cd0d9df5b&offerListId=6431359-46554435CE07C2A74EC7B886F25EA12A&pos=3&price=23.98&productid=6431359&sid=324015&type=offer
01-CK-ETEF-PS100-UK,CK ETERNITY FLAME EDP-S 100ML,3614225671333.0,1000+,74.0,13.25,,,0.0,6431359.0,allbeauty.com(UK),£24.95 £249.50/L,https://www.idealo.co.uk/relocator/relocate?categoryId=3972&offerKey=d8fec921daf2ee2edcbb16e378cec41a&offerListId=6431359-46554435CE07C2A74EC7B886F25EA12A&pos=4&price=24.95&productid=6431359&sid=28942&type=offer
01-CK-ETEF-PS100-UK,CK ETERNITY FLAME EDP-S 100ML,3614225671333.0,1000+,74.0,13.25,,,0.0,6431359.0,onbuy.com,£24.99 £249.90/L,https://www.idealo.co.uk/relocator/relocate?categoryId=3972&offerKey=fc678d4dfd7518ddeba6052b74fe7cc2&offerListId=6431359-46554435CE07C2A74EC7B886F25EA12A&pos=5&price=24.99&productid=6431359&sid=316895&type=offer
01-CK-ETEF-PS100-UK,CK ETERNITY FLAME EDP-S 100ML,3614225671333.0,1000+,74.0,13.25,,,0.0,6431359.0,beautybase.com(UK),£25.00 £250.00/L,https://www.idealo.co.uk/relocator/relocate?categoryId=3972&offerKey=cd7566b481c2155b4caf18df60037988&offerListId=6431359-46554435CE07C2A74EC7B886F25EA12A&pos=6&price=25.00&productid=6431359&sid=299115&type=offer
01-CK-ETEF-PS100-UK,CK ETERNITY FLAME EDP-S 100ML,3614225671333.0,1000+,74.0,13.25,,,0.0,6431359.0,groupon.co.uk,£25.99 £259.90/L,https://www.idealo.co.uk/relocator/relocate?categoryId=3972&offerKey=946174895271ded2c7cedfaf8b855e23&offerListId=6431359-46554435CE07C2A74EC7B886F25EA12A&pos=7&price=25.99&productid=6431359&sid=313205&type=offer
01-CK-ETEF-PS100-UK,CK ETERNITY FLAME EDP-S 100ML,3614225671333.0,1000+,74.0,13.25,,,0.0,6431359.0,perfumedirect.com,£25.99 £259.90/L,https://www.idealo.co.uk/relocator/relocate?categoryId=3972&offerKey=a8811ff88de7173a93b81d393e24341e&offerListId=6431359-46554435CE07C2A74EC7B886F25EA12A&pos=8&price=25.99&productid=6431359&sid=318630&type=offer
01-CK-ETEF-PS100-UK,CK ETERNITY FLAME EDP-S 100ML,3614225671333.0,1000+,74.0,13.25,,,0.0,6431359.0,Perfumeshopping.com(UK),£29.02 £290.20/L,https://www.idealo.co.uk/relocator/relocate?categoryId=3972&offerKey=848d339e610497ae7e544c1db129a175&offerListId=6431359-46554435CE07C2A74EC7B886F25EA12A&pos=9&price=29.02&productid=6431359&sid=282217&type=offer
01-CK-ETEF-PS100-UK,CK ETERNITY FLAME EDP-S 100ML,3614225671333.0,1000+,74.0,13.25,,,0.0,6431359.0,Fragrancedirect.co.uk,£29.95 £299.50/L,https://www.idealo.co.uk/relocator/relocate?categoryId=3972&offerKey=7240d724e4640412558fc7617fe3c213&offerListId=6431359-46554435CE07C2A74EC7B886F25EA12A&pos=10&price=29.95&productid=6431359&sid=21971&type=offer
01-CK-ETEF-PS100-UK,CK ETERNITY FLAME EDP-S 100ML,3614225671333.0,1000+,74.0,13.25,,,0.0,6431359.0,Expresschemist.co.uk,£32.39 £323.90/L,https://www.idealo.co.uk/relocator/relocate?categoryId=3972&offerKey=1c6a70d20072df67a76278a67e79d694&offerListId=6431359-46554435CE07C2A74EC7B886F25EA12A&pos=11&price=32.39&productid=6431359&sid=22167&type=offer
01-CK-ETEF-PS100-UK,CK ETERNITY FLAME EDP-S 100ML,3614225671333.0,1000+,74.0,13.25,,,0.0,6431359.0,Directcosmetics.com(UK),£39.99 £399.90/L,https://www.idealo.co.uk/relocator/relocate?categoryId=3972&offerKey=6ba7f322540d0019e8bf16dd87f26d7f&offerListId=6431359-46554435CE07C2A74EC7B886F25EA12A&pos=12&price=39.99&productid=6431359&sid=24317&type=offer
01-CK-ETEF-PS100-UK,CK ETERNITY FLAME EDP-S 100ML,3614225671333.0,1000+,74.0,13.25,,,0.0,6431359.0,Luxplus.co.uk,£57.99 £579.90/L,https://www.idealo.co.uk/relocator/relocate?categoryId=3972&offerKey=35c0b7c6fcab4bfed911a22f8806bed6&offerListId=6431359-46554435CE07C2A74EC7B886F25EA12A&pos=13&price=57.99&productid=6431359&sid=322970&type=offer
01-CK-ETEF-PS100-UK,CK ETERNITY FLAME EDP-S 100ML,3614225671333.0,1000+,74.0,13.25,,,0.0,6431359.0,cosmetify.com,£22.94 £229.40/L,https://www.idealo.co.uk/relocator/relocate?categoryId=3972&offerKey=f2de5fa1c6541dd4597183ce2c315c44&offerListId=6431359-46554435CE07C2A74EC7B886F25EA12A&pos=1&price=22.94&productid=6431359&sid=329503&type=offer
01-CK-ETEF-PS100-UK,CK ETERNITY FLAME EDP-S 100ML,3614225671333.0,1000+,74.0,13.25,,,0.0,6431359.0,ebay.co.uk,£22.99 £229.90/L,https://www.idealo.co.uk/relocator/relocate?categoryId=3972&offerKey=a5dd40ea77974596c3da53920184b563&offerListId=6431359-46554435CE07C2A74EC7B886F25EA12A&pos=2&price=22.99&productid=6431359&sid=22818&type=offer
01-CK-ETEF-PS100-UK,CK ETERNITY FLAME EDP-S 100ML,3614225671333.0,1000+,74.0,13.25,,,0.0,6431359.0,secretsales.com (UK),£23.98 £239.80/L,https://www.idealo.co.uk/relocator/relocate?categoryId=3972&offerKey=704a2c1f2894929925bcd09cd0d9df5b&offerListId=6431359-46554435CE07C2A74EC7B886F25EA12A&pos=3&price=23.98&productid=6431359&sid=324015&type=offer
01-CK-ETEF-PS100-UK,CK ETERNITY FLAME EDP-S 100ML,3614225671333.0,1000+,74.0,13.25,,,0.0,6431359.0,allbeauty.com(UK),£24.95 £249.50/L,https://www.idealo.co.uk/relocator/relocate?categoryId=3972&offerKey=d8fec921daf2ee2edcbb16e378cec41a&offerListId=6431359-46554435CE07C2A74EC7B886F25EA12A&pos=4&price=24.95&productid=6431359&sid=28942&type=offer
01-CK-ETEF-PS100-UK,CK ETERNITY FLAME EDP-S 100ML,3614225671333.0,1000+,74.0,13.25,,,0.0,6431359.0,onbuy.com,£24.99 £249.90/L,https://www.idealo.co.uk/relocator/relocate?categoryId=3972&offerKey=fc678d4dfd7518ddeba6052b74fe7cc2&offerListId=6431359-46554435CE07C2A74EC7B886F25EA12A&pos=5&price=24.99&productid=6431359&sid=316895&type=offer
01-CK-ETEF-PS100-UK,CK ETERNITY FLAME EDP-S 100ML,3614225671333.0,1000+,74.0,13.25,,,0.0,6431359.0,beautybase.com(UK),£25.00 £250.00/L,https://www.idealo.co.uk/relocator/relocate?categoryId=3972&offerKey=cd7566b481c2155b4caf18df60037988&offerListId=6431359-46554435CE07C2A74EC7B886F25EA12A&pos=6&price=25.00&productid=6431359&sid=299115&type=offer
01-CK-ETEF-PS100-UK,CK ETERNITY FLAME EDP-S 100ML,3614225671333.0,1000+,74.0,13.25,,,0.0,6431359.0,groupon.co.uk,£25.99 £259.90/L,https://www.idealo.co.uk/relocator/relocate?categoryId=3972&offerKey=946174895271ded2c7cedfaf8b855e23&offerListId=6431359-46554435CE07C2A74EC7B886F25EA12A&pos=7&price=25.99&productid=6431359&sid=313205&type=offer
01-CK-ETEF-PS100-UK,CK ETERNITY FLAME EDP-S 100ML,3614225671333.0,1000+,74.0,13.25,,,0.0,6431359.0,perfumedirect.com,£25.99 £259.90/L,https://www.idealo.co.uk/relocator/relocate?categoryId=3972&offerKey=a8811ff88de7173a93b81d393e24341e&offerListId=6431359-46554435CE07C2A74EC7B886F25EA12A&pos=8&price=25.99&productid=6431359&sid=318630&type=offer
01-CK-ETEF-PS100-UK,CK ETERNITY FLAME EDP-S 100ML,3614225671333.0,1000+,74.0,13.25,,,0.0,6431359.0,Perfumeshopping.com(UK),£29.02 £290.20/L,https://www.idealo.co.uk/relocator/relocate?categoryId=3972&offerKey=848d339e610497ae7e544c1db129a175&offerListId=6431359-46554435CE07C2A74EC7B886F25EA12A&pos=9&price=29.02&productid=6431359&sid=282217&type=offer
01-CK-ETEF-PS100-UK,CK ETERNITY FLAME EDP-S 100ML,3614225671333.0,1000+,74.0,13.25,,,0.0,6431359.0,Fragrancedirect.co.uk,£29.95 £299.50/L,https://www.idealo.co.uk/relocator/relocate?categoryId=3972&offerKey=7240d724e4640412558fc7617fe3c213&offerListId=6431359-46554435CE07C2A74EC7B886F25EA12A&pos=10&price=29.95&productid=6431359&sid=21971&type=offer
01-CK-ETEF-PS100-UK,CK ETERNITY FLAME EDP-S 100ML,3614225671333.0,1000+,74.0,13.25,,,0.0,6431359.0,Expresschemist.co.uk,£32.39 £323.90/L,https://www.idealo.co.uk/relocator/relocate?categoryId=3972&offerKey=1c6a70d20072df67a76278a67e79d694&offerListId=6431359-46554435CE07C2A74EC7B886F25EA12A&pos=11&price=32.39&productid=6431359&sid=22167&type=offer
01-CK-ETEF-PS100-UK,CK ETERNITY FLAME EDP-S 100ML,3614225671333.0,1000+,74.0,13.25,,,0.0,6431359.0,Directcosmetics.com(UK),£39.99 £399.90/L,https://www.idealo.co.uk/relocator/relocate?categoryId=3972&offerKey=6ba7f322540d0019e8bf16dd87f26d7f&offerListId=6431359-46554435CE07C2A74EC7B886F25EA12A&pos=12&price=39.99&productid=6431359&sid=24317&type=offer
01-CK-ETEF-PS100-UK,CK ETERNITY FLAME EDP-S 100ML,3614225671333.0,1000+,74.0,13.25,,,0.0,6431359.0,Luxplus.co.uk,£57.99 £579.90/L,https://www.idealo.co.uk/relocator/relocate?categoryId=3972&offerKey=35c0b7c6fcab4bfed911a22f8806bed6&offerListId=6431359-46554435CE07C2A74EC7B886F25EA12A&pos=13&price=57.99&productid=6431359&sid=322970&type=offer
01-CK-ETEM-PS30,CK ETERNITY MOMENT EDP-S 30ML,88300156009.0,1000+,35.0,7.95,,,0.0,323127.0,cosmetify.com,£12.95 £431.67/L,https://www.idealo.co.uk/relocator/relocate?categoryId=3972&offerKey=7eb7bffec3000ddfcb206441d454d7d2&offerListId=323127-4D382C796D2438A030879A0469CB8C62&pos=1&price=12.95&productid=323127&sid=329503&type=offer
01-CK-ETEM-PS30,CK ETERNITY MOMENT EDP-S 30ML,88300156009.0,1000+,35.0,7.95,,,0.0,323127.0,Perfumeclick.co.uk,£14.55 £485.00/L,https://www.idealo.co.uk/relocator/relocate?categoryId=3972&offerKey=ae5216133a19c59a74c4a609ae042cb1&offerListId=323127-4D382C796D2438A030879A0469CB8C62&pos=2&price=14.55&productid=323127&sid=69736&type=offer
01-CK-ETEM-PS30,CK ETERNITY MOMENT EDP-S 30ML,88300156009.0,1000+,35.0,7.95,,,0.0,323127.0,allbeauty.com(UK),£15.95 £531.67/L,https://www.idealo.co.uk/relocator/relocate?categoryId=3972&offerKey=de6d35a7e6870ad788edb6c6e35be851&offerListId=323127-4D382C796D2438A030879A0469CB8C62&pos=3&price=15.95&productid=323127&sid=28942&type=offer
01-CK-ETEM-PS30,CK ETERNITY MOMENT EDP-S 30ML,88300156009.0,1000+,35.0,7.95,,,0.0,323127.0,,£16.40 £546.67/L,https://www.idealo.co.uk/relocator/relocate?categoryId=3972&offerKey=ee9f7285f0a8f318454b8baa72814f1a&offerListId=323127-4D382C796D2438A030879A0469CB8C62&pos=4&price=16.40&productid=323127&sid=307734&type=offer
01-CK-ETEM-PS30,CK ETERNITY MOMENT EDP-S 30ML,88300156009.0,1000+,35.0,7.95,,,0.0,323127.0,beautybase.com(UK),£16.95 £565.00/L,https://www.idealo.co.uk/relocator/relocate?categoryId=3972&offerKey=8d37da661a8ca182fc60424114fcf861&offerListId=323127-4D382C796D2438A030879A0469CB8C62&pos=5&price=16.95&productid=323127&sid=299115&type=offer
01-CK-ETEM-PS30,CK ETERNITY MOMENT EDP-S 30ML,88300156009.0,1000+,35.0,7.95,,,0.0,323127.0,onbuy.com,£17.15 £571.67/L,https://www.idealo.co.uk/relocator/relocate?categoryId=3972&offerKey=e6ec1626ce90f15a60b77a06dbafbc59&offerListId=323127-4D382C796D2438A030879A0469CB8C62&pos=6&price=17.15&productid=323127&sid=316895&type=offer
01-CK-ETEM-PS30,CK ETERNITY MOMENT EDP-S 30ML,88300156009.0,1000+,35.0,7.95,,,0.0,323127.0,Perfumeshopping.com(UK),£17.25 £575.00/L,https://www.idealo.co.uk/relocator/relocate?categoryId=3972&offerKey=057f270c88c046ca5a63660e87dec975&offerListId=323127-4D382C796D2438A030879A0469CB8C62&pos=7&price=17.25&productid=323127&sid=282217&type=offer
01-CK-ETEM-PS30,CK ETERNITY MOMENT EDP-S 30ML,88300156009.0,1000+,35.0,7.95,,,0.0,323127.0,Clearchemist.co.uk,£17.45 £581.67/L,https://www.idealo.co.uk/relocator/relocate?categoryId=3972&offerKey=f01f39562d2f0334054cfdebf4f0eefb&offerListId=323127-4D382C796D2438A030879A0469CB8C62&pos=8&price=17.45&productid=323127&sid=289670&type=offer
01-CK-ETEM-PS30,CK ETERNITY MOMENT EDP-S 30ML,88300156009.0,1000+,35.0,7.95,,,0.0,323127.0,Pharmacy2u.co.uk,£17.50 £583.33/L,https://www.idealo.co.uk/relocator/relocate?categoryId=3972&offerKey=8e3e89048980657fc31e412850bb8599&offerListId=323127-4D382C796D2438A030879A0469CB8C62&pos=9&price=17.50&productid=323127&sid=25468&type=offer
01-CK-ETEM-PS30,CK ETERNITY MOMENT EDP-S 30ML,88300156009.0,1000+,35.0,7.95,,,0.0,323127.0,onbuy.com,£18.10 £603.33/L,https://www.idealo.co.uk/relocator/relocate?categoryId=3972&offerKey=88ddc26094edde1c642e39c6a494f7cb&offerListId=323127-4D382C796D2438A030879A0469CB8C62&pos=10&price=18.10&productid=323127&sid=316895&type=offer
01-CK-ETEM-PS30,CK ETERNITY MOMENT EDP-S 30ML,88300156009.0,1000+,35.0,7.95,,,0.0,323127.0,secretsales.com (UK),£18.47 £615.67/L,https://www.idealo.co.uk/relocator/relocate?categoryId=3972&offerKey=594eba14cf618046861477ea176d9d1d&offerListId=323127-4D382C796D2438A030879A0469CB8C62&pos=11&price=18.47&productid=323127&sid=324015&type=offer
01-CK-ETEM-PS30,CK ETERNITY MOMENT EDP-S 30ML,88300156009.0,1000+,35.0,7.95,,,0.0,323127.0,ebay.co.uk,£19.95 £665.00/L,https://www.idealo.co.uk/relocator/relocate?categoryId=3972&offerKey=8f6e0702970e3db5b9caa712d47b863a&offerListId=323127-4D382C796D2438A030879A0469CB8C62&pos=12&price=19.95&productid=323127&sid=22818&type=offer
01-CK-ETEM-PS30,CK ETERNITY MOMENT EDP-S 30ML,88300156009.0,1000+,35.0,7.95,,,0.0,323127.0,Expresschemist.co.uk,£19.95 £665.00/L,https://www.idealo.co.uk/relocator/relocate?categoryId=3972&offerKey=b6567f435f4bfedabe685574b69e6dfe&offerListId=323127-4D382C796D2438A030879A0469CB8C62&pos=13&price=19.95&productid=323127&sid=22167&type=offer
01-CK-ETEM-PS30,CK ETERNITY MOMENT EDP-S 30ML,88300156009.0,1000+,35.0,7.95,,,0.0,323127.0,Robertdyas.co.uk,£21.99 £733.00/L,https://www.idealo.co.uk/relocator/relocate?categoryId=3972&offerKey=1225b634d8cf85a625586994e34b675b&offerListId=323127-4D382C796D2438A030879A0469CB8C62&pos=14&price=21.99&productid=323127&sid=22151&type=offer
01-CK-ETEM-PS50,CK ETERNITY MOMENT EDP-S 50ML,88300139484.0,58,59.0,9.95,,,0.0,588834.0,Perfumeclick.co.uk,£16.85 £337.00/L,https://www.idealo.co.uk/relocator/relocate?categoryId=3972&offerKey=f5da8f36a550f4cbcf2823de738781b2&offerListId=588834-5EB2B69262801CD4CD0BC9BF95AE1A0C&pos=1&price=16.85&productid=588834&sid=69736&type=offer
01-CK-ETEM-PS50,CK ETERNITY MOMENT EDP-S 50ML,88300139484.0,58,59.0,9.95,,,0.0,588834.0,cosmetify.com,£17.69 £353.80/L,https://www.idealo.co.uk/relocator/relocate?categoryId=3972&offerKey=ea1b9ba871b7b29995ab06374ba0ce4f&offerListId=588834-5EB2B69262801CD4CD0BC9BF95AE1A0C&pos=2&price=17.69&productid=588834&sid=329503&type=offer
01-CK-ETEM-PS50,CK ETERNITY MOMENT EDP-S 50ML,88300139484.0,58,59.0,9.95,,,0.0,588834.0,perfumedirect.com,£17.99 £359.80/L,https://www.idealo.co.uk/relocator/relocate?categoryId=3972&offerKey=1858445b0bf67bccad7d01f96b32e17c&offerListId=588834-5EB2B69262801CD4CD0BC9BF95AE1A0C&pos=3&price=17.99&productid=588834&sid=318630&type=offer
01-CK-ETEM-PS50,CK ETERNITY MOMENT EDP-S 50ML,88300139484.0,58,59.0,9.95,,,0.0,588834.0,ebay.co.uk,£20.99 £419.80/L,https://www.idealo.co.uk/relocator/relocate?categoryId=3972&offerKey=541ec30a6d9c046e2be867671fcb828e&offerListId=588834-5EB2B69262801CD4CD0BC9BF95AE1A0C&pos=4&price=20.99&productid=588834&sid=22818&type=offer
01-CK-ETEM-PS50,CK ETERNITY MOMENT EDP-S 50ML,88300139484.0,58,59.0,9.95,,,0.0,588834.0,debenhams.com,£21.00 £420.00/L,https://www.idealo.co.uk/relocator/relocate?categoryId=3972&offerKey=9826779b5c42cde36f94573cd81f510f&offerListId=588834-5EB2B69262801CD4CD0BC9BF95AE1A0C&pos=5&price=21.00&productid=588834&sid=324109&type=offer
01-CK-ETEM-PS50,CK ETERNITY MOMENT EDP-S 50ML,88300139484.0,58,59.0,9.95,,,0.0,588834.0,Clearchemist.co.uk,£21.50 £430.00/L,https://www.idealo.co.uk/relocator/relocate?categoryId=3972&offerKey=10edbe1c9960a380cd70623e38314dac&offerListId=588834-5EB2B69262801CD4CD0BC9BF95AE1A0C&pos=6&price=21.50&productid=588834&sid=289670&type=offer
01-CK-ETEM-PS50,CK ETERNITY MOMENT EDP-S 50ML,88300139484.0,58,59.0,9.95,,,0.0,588834.0,Fragrancedirect.co.uk,£21.95 £439.00/L,https://www.idealo.co.uk/relocator/relocate?categoryId=3972&offerKey=9507f7898bbd79e87d57d780878f21d1&offerListId=588834-5EB2B69262801CD4CD0BC9BF95AE1A0C&pos=7&price=21.95&productid=588834&sid=21971&type=offer
01-CK-ETEM-PS50,CK ETERNITY MOMENT EDP-S 50ML,88300139484.0,58,59.0,9.95,,,0.0,588834.0,onbuy.com,£23.35 £467.00/L,https://www.idealo.co.uk/relocator/relocate?categoryId=3972&offerKey=2575a9d4271fb71f3aaf054f2ea46a71&offerListId=588834-5EB2B69262801CD4CD0BC9BF95AE1A0C&pos=8&price=23.35&productid=588834&sid=316895&type=offer
01-CK-ETEM-PS50,CK ETERNITY MOMENT EDP-S 50ML,88300139484.0,58,59.0,9.95,,,0.0,588834.0,Perfumeshopping.com(UK),£23.75 £475.00/L,https://www.idealo.co.uk/relocator/relocate?categoryId=3972&offerKey=6c9695879e45d85d9a4c9f7d261e5cc3&offerListId=588834-5EB2B69262801CD4CD0BC9BF95AE1A0C&pos=9&price=23.75&productid=588834&sid=282217&type=offer
01-CK-ETEM-PS50,CK ETERNITY MOMENT EDP-S 50ML,88300139484.0,58,59.0,9.95,,,0.0,588834.0,,£25.52 £510.40/L,https://www.idealo.co.uk/relocator/relocate?categoryId=3972&offerKey=3d0b737a63493550500082bea9a59b3c&offerListId=588834-5EB2B69262801CD4CD0BC9BF95AE1A0C&pos=10&price=25.52&productid=588834&sid=307734&type=offer
01-CK-ETEM-PS50,CK ETERNITY MOMENT EDP-S 50ML,88300139484.0,58,59.0,9.95,,,0.0,588834.0,secretsales.com (UK),£28.41 £568.20/L,https://www.idealo.co.uk/relocator/relocate?categoryId=3972&offerKey=80a855ac786044d70078bfafbcf3615f&offerListId=588834-5EB2B69262801CD4CD0BC9BF95AE1A0C&pos=11&price=28.41&productid=588834&sid=324015&type=offer
01-CK-ETE-PS30-UK,CK ETERNITY EDP-S 30ML,88300601387.0,142,45.0,14.95,,,0.0,102585.0,,£20.91 £697.00/L,https://www.idealo.co.uk/relocator/relocate?categoryId=3972&offerKey=07a87ba984335042fbc98a0f59ba67ab&offerListId=102585-661C90117C88B412CBA6E0A3AEB9C9B0&pos=1&price=20.91&productid=102585&sid=307734&type=offer
01-CK-ETE-PS30-UK,CK ETERNITY EDP-S 30ML,88300601387.0,142,45.0,14.95,,,0.0,102585.0,bodycareonline.co.uk,£23.99 £799.67/L,https://www.idealo.co.uk/relocator/relocate?categoryId=3972&offerKey=ff2bc917b33ed2e41625330155a52448&offerListId=102585-661C90117C88B412CBA6E0A3AEB9C9B0&pos=2&price=23.99&productid=102585&sid=332851&type=offer
01-CK-ETE-PS30-UK,CK ETERNITY EDP-S 30ML,88300601387.0,142,45.0,14.95,,,0.0,102585.0,secretsales.com (UK),£24.95 £831.67/L,https://www.idealo.co.uk/relocator/relocate?categoryId=3972&offerKey=6cb274e8047b1dda02cbfcb4a0dd74dd&offerListId=102585-661C90117C88B412CBA6E0A3AEB9C9B0&pos=3&price=24.95&productid=102585&sid=324015&type=offer
01-CK-ETE-PS30-UK,CK ETERNITY EDP-S 30ML,88300601387.0,142,45.0,14.95,,,0.0,102585.0,Perfumeclick.co.uk,£25.50 £850.00/L,https://www.idealo.co.uk/relocator/relocate?categoryId=3972&offerKey=c992bfff26bf2d1c42bc03474274c3ba&offerListId=102585-661C90117C88B412CBA6E0A3AEB9C9B0&pos=4&price=25.50&productid=102585&sid=69736&type=offer
01-CK-ETE-PS30-UK,CK ETERNITY EDP-S 30ML,88300601387.0,142,45.0,14.95,,,0.0,102585.0,beautybase.com(UK),£25.95 £865.00/L,https://www.idealo.co.uk/relocator/relocate?categoryId=3972&offerKey=dba4189152980b546a3e0d6472364fc1&offerListId=102585-661C90117C88B412CBA6E0A3AEB9C9B0&pos=5&price=25.95&productid=102585&sid=299115&type=offer
01-CK-ETE-PS30-UK,CK ETERNITY EDP-S 30ML,88300601387.0,142,45.0,14.95,,,0.0,102585.0,cosmetify.com,£26.78 £892.67/L,https://www.idealo.co.uk/relocator/relocate?categoryId=3972&offerKey=ddf4dc3f152885071a898b31b304ca71&offerListId=102585-661C90117C88B412CBA6E0A3AEB9C9B0&pos=6&price=26.78&productid=102585&sid=329503&type=offer
01-CK-ETE-PS30-UK,CK ETERNITY EDP-S 30ML,88300601387.0,142,45.0,14.95,,,0.0,102585.0,ebay.co.uk,£26.89 £896.33/L,https://www.idealo.co.uk/relocator/relocate?categoryId=3972&offerKey=2f4d84e294ec865a62cc62d6382efc2c&offerListId=102585-661C90117C88B412CBA6E0A3AEB9C9B0&pos=7&price=26.89&productid=102585&sid=22818&type=offer
01-CK-ETE-PS30-UK,CK ETERNITY EDP-S 30ML,88300601387.0,142,45.0,14.95,,,0.0,102585.0,parfumdreams.co.uk,£26.96 £898.67/L,https://www.idealo.co.uk/relocator/relocate?categoryId=3972&offerKey=3e398a5873c605c6ccf02f4d6ac1192a&offerListId=102585-661C90117C88B412CBA6E0A3AEB9C9B0&pos=8&price=26.96&productid=102585&sid=316458&type=offer
01-CK-ETE-PS30-UK,CK ETERNITY EDP-S 30ML,88300601387.0,142,45.0,14.95,,,0.0,102585.0,Dressinn.com (UK),£26.99 £899.67/L,https://www.idealo.co.uk/relocator/relocate?categoryId=3972&offerKey=9bbcffa79334149414bcd79354dd6b2b&offerListId=102585-661C90117C88B412CBA6E0A3AEB9C9B0&pos=9&price=26.99&productid=102585&sid=318629&type=offer
01-CK-ETE-PS30-UK,CK ETERNITY EDP-S 30ML,88300601387.0,142,45.0,14.95,,,0.0,102585.0,argos.co.uk,£28.00 £933.33/L,https://www.idealo.co.uk/relocator/relocate?categoryId=3972&offerKey=060352ecc3dacaaaa594cd74c379f0ce&offerListId=102585-661C90117C88B412CBA6E0A3AEB9C9B0&pos=10&price=28.00&productid=102585&sid=320560&type=offer
01-CK-ETE-PS30-UK,CK ETERNITY EDP-S 30ML,88300601387.0,142,45.0,14.95,,,0.0,102585.0,Tjhughes.co.uk,£28.00 £933.33/L,https://www.idealo.co.uk/relocator/relocate?categoryId=3972&offerKey=c5275dc810d3f07e345a171e6ff85d33&offerListId=102585-661C90117C88B412CBA6E0A3AEB9C9B0&pos=11&price=28.00&productid=102585&sid=28759&type=offer
01-CK-ETE-PS30-UK,CK ETERNITY EDP-S 30ML,88300601387.0,142,45.0,14.95,,,0.0,102585.0,perfumedirect.com,£28.99 £966.33/L,https://www.idealo.co.uk/relocator/relocate?categoryId=3972&offerKey=47ecac9e9852d52e4d0a8c120bef16b8&offerListId=102585-661C90117C88B412CBA6E0A3AEB9C9B0&pos=12&price=28.99&productid=102585&sid=318630&type=offer
01-CK-ETE-PS50-UK,CK ETERNITY EDP-S 50ML,88300601301.0,59,59.0,17.95,,,0.0,588823.0,Perfumeshopping.com(UK),£26.39 £527.80/L,https://www.idealo.co.uk/relocator/relocate?categoryId=3972&offerKey=3b74021814429799b40e4948da448cdc&offerListId=588823-0EFB388C2170F2F67D8E4F76E9AB928B&pos=1&price=26.39&productid=588823&sid=282217&type=offer
01-CK-ETE-PS50-UK,CK ETERNITY EDP-S 50ML,88300601301.0,59,59.0,17.95,,,0.0,588823.0,,£28.64 £572.80/L,https://www.idealo.co.uk/relocator/relocate?categoryId=3972&offerKey=1d05f80ae02f74974000bcbd0abb54e8&offerListId=588823-0EFB388C2170F2F67D8E4F76E9AB928B&pos=2&price=28.64&productid=588823&sid=307734&type=offer
01-CK-ETE-PS50-UK,CK ETERNITY EDP-S 50ML,88300601301.0,59,59.0,17.95,,,0.0,588823.0,Perfumeclick.co.uk,£30.45 £609.00/L,https://www.idealo.co.uk/relocator/relocate?categoryId=3972&offerKey=225cda09de5213743386b265af7f1b2d&offerListId=588823-0EFB388C2170F2F67D8E4F76E9AB928B&pos=3&price=30.45&productid=588823&sid=69736&type=offer
01-CK-ETE-PS50-UK,CK ETERNITY EDP-S 50ML,88300601301.0,59,59.0,17.95,,,0.0,588823.0,ebay.co.uk,£33.20 £664.00/L,https://www.idealo.co.uk/relocator/relocate?categoryId=3972&offerKey=d494292fcc01c8da6e5ec87a68bba992&offerListId=588823-0EFB388C2170F2F67D8E4F76E9AB928B&pos=4&price=33.20&productid=588823&sid=22818&type=offer
01-CK-ETE-PS50-UK,CK ETERNITY EDP-S 50ML,88300601301.0,59,59.0,17.95,,,0.0,588823.0,cosmetify.com,£33.47 £669.40/L,https://www.idealo.co.uk/relocator/relocate?categoryId=3972&offerKey=2c5fe0415e919473c0ea77c7a691a95e&offerListId=588823-0EFB388C2170F2F67D8E4F76E9AB928B&pos=5&price=33.47&productid=588823&sid=329503&type=offer
01-CK-ETE-PS50-UK,CK ETERNITY EDP-S 50ML,88300601301.0,59,59.0,17.95,,,0.0,588823.0,secretsales.com (UK),£34.29 £685.80/L,https://www.idealo.co.uk/relocator/relocate?categoryId=3972&offerKey=0caa8ee6491f57117fb2d358b7534721&offerListId=588823-0EFB388C2170F2F67D8E4F76E9AB928B&pos=6&price=34.29&productid=588823&sid=324015&type=offer
01-CK-ETE-PS50-UK,CK ETERNITY EDP-S 50ML,88300601301.0,59,59.0,17.95,,,0.0,588823.0,perfumedirect.com,£35.99 £719.80/L,https://www.idealo.co.uk/relocator/relocate?categoryId=3972&offerKey=e2b5d4ea2d18d21225d586d7b2691be0&offerListId=588823-0EFB388C2170F2F67D8E4F76E9AB928B&pos=7&price=35.99&productid=588823&sid=318630&type=offer
01-CK-ETE-PS50-UK,CK ETERNITY EDP-S 50ML,88300601301.0,59,59.0,17.95,,,0.0,588823.0,onbuy.com,£36.14 £722.80/L,https://www.idealo.co.uk/relocator/relocate?categoryId=3972&offerKey=27c0c37b3aa81964a6421abc1ecc9764&offerListId=588823-0EFB388C2170F2F67D8E4F76E9AB928B&pos=8&price=36.14&productid=588823&sid=316895&type=offer
01-CK-ETE-PS50-UK,CK ETERNITY EDP-S 50ML,88300601301.0,59,59.0,17.95,,,0.0,588823.0,my-origines.com(UK),£36.75 £735.00/L,https://www.idealo.co.uk/relocator/relocate?categoryId=3972&offerKey=9006515a2792c47a1d347c192f95c410&offerListId=588823-0EFB388C2170F2F67D8E4F76E9AB928B&pos=9&price=36.75&productid=588823&sid=328503&type=offer
01-CK-ETE-PS50-UK,CK ETERNITY EDP-S 50ML,88300601301.0,59,59.0,17.95,,,0.0,588823.0,allbeauty.com(UK),£36.95 £739.00/L,https://www.idealo.co.uk/relocator/relocate?categoryId=3972&offerKey=8791538f8a9948e0eb4fe0a0ed42c9c3&offerListId=588823-0EFB388C2170F2F67D8E4F76E9AB928B&pos=10&price=36.95&productid=588823&sid=28942&type=offer
01-CK-ETE-PS50-UK,CK ETERNITY EDP-S 50ML,88300601301.0,59,59.0,17.95,,,0.0,588823.0,Fragrancedirect.co.uk,£36.95 £739.00/L,https://www.idealo.co.uk/relocator/relocate?categoryId=3972&offerKey=ad8562f1401076dcc20ea01851755af8&offerListId=588823-0EFB388C2170F2F67D8E4F76E9AB928B&pos=11&price=36.95&productid=588823&sid=21971&type=offer
01-CK-ETE-PS50-UK,CK ETERNITY EDP-S 50ML,88300601301.0,59,59.0,17.95,,,0.0,588823.0,Dressinn.com (UK),£37.49 £749.80/L,https://www.idealo.co.uk/relocator/relocate?categoryId=3972&offerKey=e09e345dca763b5b9d7a8f1cd879bd10&offerListId=588823-0EFB388C2170F2F67D8E4F76E9AB928B&pos=12&price=37.49&productid=588823&sid=318629&type=offer
01-CK-ETE-PS50-UK,CK ETERNITY EDP-S 50ML,88300601301.0,59,59.0,17.95,,,0.0,588823.0,onbuy.com,£37.99 £759.80/L,https://www.idealo.co.uk/relocator/relocate?categoryId=3972&offerKey=99cbf2aff3caee9dfe33ffeb18b17e69&offerListId=588823-0EFB388C2170F2F67D8E4F76E9AB928B&pos=13&price=37.99&productid=588823&sid=316895&type=offer
01-CK-ETE-PS50-UK,CK ETERNITY EDP-S 50ML,88300601301.0,59,59.0,17.95,,,0.0,588823.0,parfumdreams.co.uk,£38.22 £764.40/L,https://www.idealo.co.uk/relocator/relocate?categoryId=3972&offerKey=d3448834c4e2b19fcaaa93b733f538c9&offerListId=588823-0EFB388C2170F2F67D8E4F76E9AB928B&pos=14&price=38.22&productid=588823&sid=316458&type=offer
01-CK-ETE-PS50-UK,CK ETERNITY EDP-S 50ML,88300601301.0,59,59.0,17.95,,,0.0,588823.0,onbuy.com,£42.46 £849.20/L,https://www.idealo.co.uk/relocator/relocate?categoryId=3972&offerKey=d5b04b1df75f391e83f46fa4a29d1882&offerListId=588823-0EFB388C2170F2F67D8E4F76E9AB928B&pos=15&price=42.46&productid=588823&sid=316895&type=offer
01-CK-ETE-PS50-UK,CK ETERNITY EDP-S 50ML,88300601301.0,59,59.0,17.95,,,0.0,588823.0,Expresschemist.co.uk,£45.00 £900.00/L,https://www.idealo.co.uk/relocator/relocate?categoryId=3972&offerKey=c67dd6c4433d5a8917aa9a58345b880d&offerListId=588823-0EFB388C2170F2F67D8E4F76E9AB928B&pos=16&price=45.00&productid=588823&sid=22167&type=offer
01-CK-EUP-PS30,CK EUPHORIA EDP-S 30ML,88300162567.0,1000+,45.0,14.95,,,0.0,484784.0,,£19.76 £658.67/L,https://www.idealo.co.uk/relocator/relocate?categoryId=3972&offerKey=f084993dd5f1f5b46a32c04d255b30f7&offerListId=484784-EF51C189FC53F6272F410F292323CED9&pos=1&price=19.76&productid=484784&sid=307734&type=offer
01-CK-EUP-PS30,CK EUPHORIA EDP-S 30ML,88300162567.0,1000+,45.0,14.95,,,0.0,484784.0,my-origines.com(UK),£21.90 £730.00/L,https://www.idealo.co.uk/relocator/relocate?categoryId=3972&offerKey=bd6c053d21bf4f1150050283638d72d7&offerListId=484784-EF51C189FC53F6272F410F292323CED9&pos=2&price=21.90&productid=484784&sid=328503&type=offer
01-CK-EUP-PS30,CK EUPHORIA EDP-S 30ML,88300162567.0,1000+,45.0,14.95,,,0.0,484784.0,bodycareonline.co.uk,£23.99 £799.67/L,https://www.idealo.co.uk/relocator/relocate?categoryId=3972&offerKey=0a1b85363c8723a25a63282ca40dac7a&offerListId=484784-EF51C189FC53F6272F410F292323CED9&pos=3&price=23.99&productid=484784&sid=332851&type=offer
01-CK-EUP-PS30,CK EUPHORIA EDP-S 30ML,88300162567.0,1000+,45.0,14.95,,,0.0,484784.0,cosmetify.com,£23.99 £799.67/L,https://www.idealo.co.uk/relocator/relocate?categoryId=3972&offerKey=15f5cdf916623d627678806d205fac27&offerListId=484784-EF51C189FC53F6272F410F292323CED9&pos=4&price=23.99&productid=484784&sid=329503&type=offer
01-CK-EUP-PS30,CK EUPHORIA EDP-S 30ML,88300162567.0,1000+,45.0,14.95,,,0.0,484784.0,perfumedirect.com,£23.99 £799.67/L,https://www.idealo.co.uk/relocator/relocate?categoryId=3972&offerKey=9d5dbe9dd7e460845e6060b9634c5b4b&offerListId=484784-EF51C189FC53F6272F410F292323CED9&pos=5&price=23.99&productid=484784&sid=318630&type=offer
01-CK-EUP-PS30,CK EUPHORIA EDP-S 30ML,88300162567.0,1000+,45.0,14.95,,,0.0,484784.0,Perfumeclick.co.uk,£24.10 £803.33/L,https://www.idealo.co.uk/relocator/relocate?categoryId=3972&offerKey=6d90185b1be596ede5c171af27501603&offerListId=484784-EF51C189FC53F6272F410F292323CED9&pos=6&price=24.10&productid=484784&sid=69736&type=offer
01-CK-EUP-PS30,CK EUPHORIA EDP-S 30ML,88300162567.0,1000+,45.0,14.95,,,0.0,484784.0,ebay.co.uk,£25.18 £839.33/L,https://www.idealo.co.uk/relocator/relocate?categoryId=3972&offerKey=7fa9251b2bc1de907091ba376b90a1c6&offerListId=484784-EF51C189FC53F6272F410F292323CED9&pos=7&price=25.18&productid=484784&sid=22818&type=offer
01-CK-EUP-PS30,CK EUPHORIA EDP-S 30ML,88300162567.0,1000+,45.0,14.95,,,0.0,484784.0,cosmetify.com,£26.81 £893.67/L,https://www.idealo.co.uk/relocator/relocate?categoryId=3972&offerKey=4345a60e8773a65e92877f2b8278bd43&offerListId=484784-EF51C189FC53F6272F410F292323CED9&pos=8&price=26.81&productid=484784&sid=329503&type=offer
01-CK-EUP-PS30,CK EUPHORIA EDP-S 30ML,88300162567.0,1000+,45.0,14.95,,,0.0,484784.0,onbuy.com,£26.95 £898.33/L,https://www.idealo.co.uk/relocator/relocate?categoryId=3972&offerKey=201ba112c034a8cd1f9a6817a898bbc9&offerListId=484784-EF51C189FC53F6272F410F292323CED9&pos=9&price=26.95&productid=484784&sid=316895&type=offer
01-CK-EUP-PS30,CK EUPHORIA EDP-S 30ML,88300162567.0,1000+,45.0,14.95,,,0.0,484784.0,groupon.co.uk,£27.90 £930.00/L,https://www.idealo.co.uk/relocator/relocate?categoryId=3972&offerKey=b327d6e7af3a4ead0c1589161eff23c2&offerListId=484784-EF51C189FC53F6272F410F292323CED9&pos=10&price=27.90&productid=484784&sid=313205&type=offer
01-CK-EUP-PS30,CK EUPHORIA EDP-S 30ML,88300162567.0,1000+,45.0,14.95,,,0.0,484784.0,beautybase.com(UK),£29.99 £999.67/L,https://www.idealo.co.uk/relocator/relocate?categoryId=3972&offerKey=a57f38b57bd2ba14ab4d08908e8a1757&offerListId=484784-EF51C189FC53F6272F410F292323CED9&pos=11&price=29.99&productid=484784&sid=299115&type=offer
01-CK-EUP-PS50,CK EUPHORIA EDP-S 50ML,88300162543.0,120,66.0,20.95,,,0.0,588851.0,allbeauty.com(UK),£24.95 £499.00/L,https://www.idealo.co.uk/relocator/relocate?categoryId=3972&offerKey=233e6b147a984d18bd478320934c65d8&offerListId=588851-D12AE2B96DA3B0B304981A5D9E5F552D&pos=1&price=24.95&productid=588851&sid=28942&type=offer
01-CK-EUP-PS50,CK EUPHORIA EDP-S 50ML,88300162543.0,120,66.0,20.95,,,0.0,588851.0,,£25.28 £505.60/L,https://www.idealo.co.uk/relocator/relocate?categoryId=3972&offerKey=b27f5fe3d1db9b794c813e3f7e035771&offerListId=588851-D12AE2B96DA3B0B304981A5D9E5F552D&pos=2&price=25.28&productid=588851&sid=307734&type=offer
01-CK-EUP-PS50,CK EUPHORIA EDP-S 50ML,88300162543.0,120,66.0,20.95,,,0.0,588851.0,Fragrancedirect.co.uk,£25.95 £519.00/L,https://www.idealo.co.uk/relocator/relocate?categoryId=3972&offerKey=61ac28b778eeb0bf91c1c1daf7699f1a&offerListId=588851-D12AE2B96DA3B0B304981A5D9E5F552D&pos=3&price=25.95&productid=588851&sid=21971&type=offer
01-CK-EUP-PS50,CK EUPHORIA EDP-S 50ML,88300162543.0,120,66.0,20.95,,,0.0,588851.0,Perfumeclick.co.uk,£28.70 £574.00/L,https://www.idealo.co.uk/relocator/relocate?categoryId=3972&offerKey=04437e0fee5d709da1aadbeb1c6b8d67&offerListId=588851-D12AE2B96DA3B0B304981A5D9E5F552D&pos=4&price=28.70&productid=588851&sid=69736&type=offer
01-CK-EUP-PS50,CK EUPHORIA EDP-S 50ML,88300162543.0,120,66.0,20.95,,,0.0,588851.0,cosmetify.com,£30.14 £602.80/L,https://www.idealo.co.uk/relocator/relocate?categoryId=3972&offerKey=28eeb2be3e85ddb5701f5ae56fa2ee87&offerListId=588851-D12AE2B96DA3B0B304981A5D9E5F552D&pos=5&price=30.14&productid=588851&sid=329503&type=offer
01-CK-EUP-PS50,CK EUPHORIA EDP-S 50ML,88300162543.0,120,66.0,20.95,,,0.0,588851.0,my-origines.com(UK),£32.15 £643.00/L,https://www.idealo.co.uk/relocator/relocate?categoryId=3972&offerKey=3e1b066965293f9f8c14c8be5e41227e&offerListId=588851-D12AE2B96DA3B0B304981A5D9E5F552D&pos=6&price=32.15&productid=588851&sid=328503&type=offer
01-CK-EUP-PS50,CK EUPHORIA EDP-S 50ML,88300162543.0,120,66.0,20.95,,,0.0,588851.0,perfumedirect.com,£32.99 £659.80/L,https://www.idealo.co.uk/relocator/relocate?categoryId=3972&offerKey=85faf576f7efd88fc2bb2905f602df1f&offerListId=588851-D12AE2B96DA3B0B304981A5D9E5F552D&pos=7&price=32.99&productid=588851&sid=318630&type=offer
01-CK-EUP-PS50,CK EUPHORIA EDP-S 50ML,88300162543.0,120,66.0,20.95,,,0.0,588851.0,escentual.com(UK),£33.00 £660.00/L,https://www.idealo.co.uk/relocator/relocate?categoryId=3972&offerKey=f85b097b11052c1024b8c48872f8ae94&offerListId=588851-D12AE2B96DA3B0B304981A5D9E5F552D&pos=8&price=33.00&productid=588851&sid=21988&type=offer
01-CK-EUP-PS50,CK EUPHORIA EDP-S 50ML,88300162543.0,120,66.0,20.95,,,0.0,588851.0,ebay.co.uk,£33.99 £679.80/L,https://www.idealo.co.uk/relocator/relocate?categoryId=3972&offerKey=aa4b7b07f4414466409c2db5c4652b75&offerListId=588851-D12AE2B96DA3B0B304981A5D9E5F552D&pos=9&price=33.99&productid=588851&sid=22818&type=offer
01-CK-EUP-PS50,CK EUPHORIA EDP-S 50ML,88300162543.0,120,66.0,20.95,,,0.0,588851.0,perfumeuk.co.uk,£34.00 £680.00/L,https://www.idealo.co.uk/relocator/relocate?categoryId=3972&offerKey=459641dec2c260ac3f3a39845eac9744&offerListId=588851-D12AE2B96DA3B0B304981A5D9E5F552D&pos=10&price=34.00&productid=588851&sid=323991&type=offer
01-CK-EUP-PS50,CK EUPHORIA EDP-S 50ML,88300162543.0,120,66.0,20.95,,,0.0,588851.0,onbuy.com,£35.26 £705.20/L,https://www.idealo.co.uk/relocator/relocate?categoryId=3972&offerKey=ad044dce8d01bf89fd9f2b3aa81ba669&offerListId=588851-D12AE2B96DA3B0B304981A5D9E5F552D&pos=11&price=35.26&productid=588851&sid=316895&type=offer
01-CK-EUP-PS50,CK EUPHORIA EDP-S 50ML,88300162543.0,120,66.0,20.95,,,0.0,588851.0,groupon.co.uk,£35.99 £719.80/L,https://www.idealo.co.uk/relocator/relocate?categoryId=3972&offerKey=36f76643c03a50aacbc82cf3e7ff2da1&offerListId=588851-D12AE2B96DA3B0B304981A5D9E5F552D&pos=12&price=35.99&productid=588851&sid=313205&type=offer
01-CK-EUP-PS50,CK EUPHORIA EDP-S 50ML,88300162543.0,120,66.0,20.95,,,0.0,588851.0,Pharmacy2u.co.uk,£36.30 £726.00/L,https://www.idealo.co.uk/relocator/relocate?categoryId=3972&offerKey=1eba91733f1d1b692f2a3a7b06d57344&offerListId=588851-D12AE2B96DA3B0B304981A5D9E5F552D&pos=13&price=36.30&productid=588851&sid=25468&type=offer
01-CK-EUP-PS50,CK EUPHORIA EDP-S 50ML,88300162543.0,120,66.0,20.95,,,0.0,588851.0,perfumeprice.co.uk,£36.95 £739.00/L,https://www.idealo.co.uk/relocator/relocate?categoryId=3972&offerKey=81eb7286afc9f2451596c1e54cd46f7f&offerListId=588851-D12AE2B96DA3B0B304981A5D9E5F552D&pos=14&price=36.95&productid=588851&sid=321700&type=offer
01-CK-EUP-PS50,CK EUPHORIA EDP-S 50ML,88300162543.0,120,66.0,20.95,,,0.0,588851.0,secretsales.com (UK),£37.10 £742.00/L,https://www.idealo.co.uk/relocator/relocate?categoryId=3972&offerKey=581d25136b5c2b1831bb610d003d14ad&offerListId=588851-D12AE2B96DA3B0B304981A5D9E5F552D&pos=15&price=37.10&productid=588851&sid=324015&type=offer
01-CK-EUP-PS50,CK EUPHORIA EDP-S 50ML,88300162543.0,120,66.0,20.95,,,0.0,588851.0,Perfumeshopping.com(UK),£38.86 £777.20/L,https://www.idealo.co.uk/relocator/relocate?categoryId=3972&offerKey=cf066731c7a79c85a21f6b0f4fa2217a&offerListId=588851-D12AE2B96DA3B0B304981A5D9E5F552D&pos=16&price=38.86&productid=588851&sid=282217&type=offer
01-CK-EUP-PS50,CK EUPHORIA EDP-S 50ML,88300162543.0,120,66.0,20.95,,,0.0,588851.0,onbuy.com,£39.36 £787.20/L,https://www.idealo.co.uk/relocator/relocate?categoryId=3972&offerKey=6c0ee47629472f96c87b9b8c4df3a327&offerListId=588851-D12AE2B96DA3B0B304981A5D9E5F552D&pos=17&price=39.36&productid=588851&sid=316895&type=offer
01-CK-EUP-PS50,CK EUPHORIA EDP-S 50ML,88300162543.0,120,66.0,20.95,,,0.0,588851.0,beautybase.com(UK),£39.95 £799.00/L,https://www.idealo.co.uk/relocator/relocate?categoryId=3972&offerKey=5e4d4a9078722dd3e21794a21a9fc1a6&offerListId=588851-D12AE2B96DA3B0B304981A5D9E5F552D&pos=18&price=39.95&productid=588851&sid=299115&type=offer
01-CK-EUP-PS50,CK EUPHORIA EDP-S 50ML,88300162543.0,120,66.0,20.95,,,0.0,588851.0,studio.co.uk,£42.00 £840.00/L,https://www.idealo.co.uk/relocator/relocate?categoryId=3972&offerKey=deddadbd13569152a3b8083a9aadf120&offerListId=588851-D12AE2B96DA3B0B304981A5D9E5F552D&pos=19&price=42.00&productid=588851&sid=25953&type=offer
01-CK-EUP-PS50,CK EUPHORIA EDP-S 50ML,88300162543.0,120,66.0,20.95,,,0.0,588851.0,flannels.com,£42.00 £840.00/L,https://www.idealo.co.uk/relocator/relocate?categoryId=3972&offerKey=f7e0085897e34184f5c54104c4021777&offerListId=588851-D12AE2B96DA3B0B304981A5D9E5F552D&pos=20&price=42.00&productid=588851&sid=329528&type=offer
01-CK-EUP-PS50,CK EUPHORIA EDP-S 50ML,88300162543.0,120,66.0,20.95,,,0.0,588851.0,allbeauty.com(UK),£24.95 £499.00/L,https://www.idealo.co.uk/relocator/relocate?categoryId=3972&offerKey=233e6b147a984d18bd478320934c65d8&offerListId=588851-D12AE2B96DA3B0B304981A5D9E5F552D&pos=1&price=24.95&productid=588851&sid=28942&type=offer
01-CK-EUP-PS50,CK EUPHORIA EDP-S 50ML,88300162543.0,120,66.0,20.95,,,0.0,588851.0,,£25.28 £505.60/L,https://www.idealo.co.uk/relocator/relocate?categoryId=3972&offerKey=b27f5fe3d1db9b794c813e3f7e035771&offerListId=588851-D12AE2B96DA3B0B304981A5D9E5F552D&pos=2&price=25.28&productid=588851&sid=307734&type=offer
01-CK-EUP-PS50,CK EUPHORIA EDP-S 50ML,88300162543.0,120,66.0,20.95,,,0.0,588851.0,Fragrancedirect.co.uk,£25.95 £519.00/L,https://www.idealo.co.uk/relocator/relocate?categoryId=3972&offerKey=61ac28b778eeb0bf91c1c1daf7699f1a&offerListId=588851-D12AE2B96DA3B0B304981A5D9E5F552D&pos=3&price=25.95&productid=588851&sid=21971&type=offer
01-CK-EUP-PS50,CK EUPHORIA EDP-S 50ML,88300162543.0,120,66.0,20.95,,,0.0,588851.0,Perfumeclick.co.uk,£28.70 £574.00/L,https://www.idealo.co.uk/relocator/relocate?categoryId=3972&offerKey=04437e0fee5d709da1aadbeb1c6b8d67&offerListId=588851-D12AE2B96DA3B0B304981A5D9E5F552D&pos=4&price=28.70&productid=588851&sid=69736&type=offer
01-CK-EUP-PS50,CK EUPHORIA EDP-S 50ML,88300162543.0,120,66.0,20.95,,,0.0,588851.0,cosmetify.com,£30.14 £602.80/L,https://www.idealo.co.uk/relocator/relocate?categoryId=3972&offerKey=28eeb2be3e85ddb5701f5ae56fa2ee87&offerListId=588851-D12AE2B96DA3B0B304981A5D9E5F552D&pos=5&price=30.14&productid=588851&sid=329503&type=offer
01-CK-EUP-PS50,CK EUPHORIA EDP-S 50ML,88300162543.0,120,66.0,20.95,,,0.0,588851.0,my-origines.com(UK),£32.15 £643.00/L,https://www.idealo.co.uk/relocator/relocate?categoryId=3972&offerKey=3e1b066965293f9f8c14c8be5e41227e&offerListId=588851-D12AE2B96DA3B0B304981A5D9E5F552D&pos=6&price=32.15&productid=588851&sid=328503&type=offer
01-CK-EUP-PS50,CK EUPHORIA EDP-S 50ML,88300162543.0,120,66.0,20.95,,,0.0,588851.0,perfumedirect.com,£32.99 £659.80/L,https://www.idealo.co.uk/relocator/relocate?categoryId=3972&offerKey=85faf576f7efd88fc2bb2905f602df1f&offerListId=588851-D12AE2B96DA3B0B304981A5D9E5F552D&pos=7&price=32.99&productid=588851&sid=318630&type=offer
01-CK-EUP-PS50,CK EUPHORIA EDP-S 50ML,88300162543.0,120,66.0,20.95,,,0.0,588851.0,escentual.com(UK),£33.00 £660.00/L,https://www.idealo.co.uk/relocator/relocate?categoryId=3972&offerKey=f85b097b11052c1024b8c48872f8ae94&offerListId=588851-D12AE2B96DA3B0B304981A5D9E5F552D&pos=8&price=33.00&productid=588851&sid=21988&type=offer
01-CK-EUP-PS50,CK EUPHORIA EDP-S 50ML,88300162543.0,120,66.0,20.95,,,0.0,588851.0,ebay.co.uk,£33.99 £679.80/L,https://www.idealo.co.uk/relocator/relocate?categoryId=3972&offerKey=aa4b7b07f4414466409c2db5c4652b75&offerListId=588851-D12AE2B96DA3B0B304981A5D9E5F552D&pos=9&price=33.99&productid=588851&sid=22818&type=offer
01-CK-EUP-PS50,CK EUPHORIA EDP-S 50ML,88300162543.0,120,66.0,20.95,,,0.0,588851.0,perfumeuk.co.uk,£34.00 £680.00/L,https://www.idealo.co.uk/relocator/relocate?categoryId=3972&offerKey=459641dec2c260ac3f3a39845eac9744&offerListId=588851-D12AE2B96DA3B0B304981A5D9E5F552D&pos=10&price=34.00&productid=588851&sid=323991&type=offer
01-CK-EUP-PS50,CK EUPHORIA EDP-S 50ML,88300162543.0,120,66.0,20.95,,,0.0,588851.0,onbuy.com,£35.26 £705.20/L,https://www.idealo.co.uk/relocator/relocate?categoryId=3972&offerKey=ad044dce8d01bf89fd9f2b3aa81ba669&offerListId=588851-D12AE2B96DA3B0B304981A5D9E5F552D&pos=11&price=35.26&productid=588851&sid=316895&type=offer
01-CK-EUP-PS50,CK EUPHORIA EDP-S 50ML,88300162543.0,120,66.0,20.95,,,0.0,588851.0,groupon.co.uk,£35.99 £719.80/L,https://www.idealo.co.uk/relocator/relocate?categoryId=3972&offerKey=36f76643c03a50aacbc82cf3e7ff2da1&offerListId=588851-D12AE2B96DA3B0B304981A5D9E5F552D&pos=12&price=35.99&productid=588851&sid=313205&type=offer
01-CK-EUP-PS50,CK EUPHORIA EDP-S 50ML,88300162543.0,120,66.0,20.95,,,0.0,588851.0,Pharmacy2u.co.uk,£36.30 £726.00/L,https://www.idealo.co.uk/relocator/relocate?categoryId=3972&offerKey=1eba91733f1d1b692f2a3a7b06d57344&offerListId=588851-D12AE2B96DA3B0B304981A5D9E5F552D&pos=13&price=36.30&productid=588851&sid=25468&type=offer
01-CK-EUP-PS50,CK EUPHORIA EDP-S 50ML,88300162543.0,120,66.0,20.95,,,0.0,588851.0,perfumeprice.co.uk,£36.95 £739.00/L,https://www.idealo.co.uk/relocator/relocate?categoryId=3972&offerKey=81eb7286afc9f2451596c1e54cd46f7f&offerListId=588851-D12AE2B96DA3B0B304981A5D9E5F552D&pos=14&price=36.95&productid=588851&sid=321700&type=offer
01-CK-EUP-PS50,CK EUPHORIA EDP-S 50ML,88300162543.0,120,66.0,20.95,,,0.0,588851.0,secretsales.com (UK),£37.10 £742.00/L,https://www.idealo.co.uk/relocator/relocate?categoryId=3972&offerKey=581d25136b5c2b1831bb610d003d14ad&offerListId=588851-D12AE2B96DA3B0B304981A5D9E5F552D&pos=15&price=37.10&productid=588851&sid=324015&type=offer
01-CK-EUP-PS50,CK EUPHORIA EDP-S 50ML,88300162543.0,120,66.0,20.95,,,0.0,588851.0,Perfumeshopping.com(UK),£38.86 £777.20/L,https://www.idealo.co.uk/relocator/relocate?categoryId=3972&offerKey=cf066731c7a79c85a21f6b0f4fa2217a&offerListId=588851-D12AE2B96DA3B0B304981A5D9E5F552D&pos=16&price=38.86&productid=588851&sid=282217&type=offer
01-CK-EUP-PS50,CK EUPHORIA EDP-S 50ML,88300162543.0,120,66.0,20.95,,,0.0,588851.0,onbuy.com,£39.36 £787.20/L,https://www.idealo.co.uk/relocator/relocate?categoryId=3972&offerKey=6c0ee47629472f96c87b9b8c4df3a327&offerListId=588851-D12AE2B96DA3B0B304981A5D9E5F552D&pos=17&price=39.36&productid=588851&sid=316895&type=offer
01-CK-EUP-PS50,CK EUPHORIA EDP-S 50ML,88300162543.0,120,66.0,20.95,,,0.0,588851.0,beautybase.com(UK),£39.95 £799.00/L,https://www.idealo.co.uk/relocator/relocate?categoryId=3972&offerKey=5e4d4a9078722dd3e21794a21a9fc1a6&offerListId=588851-D12AE2B96DA3B0B304981A5D9E5F552D&pos=18&price=39.95&productid=588851&sid=299115&type=offer
01-CK-EUP-PS50,CK EUPHORIA EDP-S 50ML,88300162543.0,120,66.0,20.95,,,0.0,588851.0,studio.co.uk,£42.00 £840.00/L,https://www.idealo.co.uk/relocator/relocate?categoryId=3972&offerKey=deddadbd13569152a3b8083a9aadf120&offerListId=588851-D12AE2B96DA3B0B304981A5D9E5F552D&pos=19&price=42.00&productid=588851&sid=25953&type=offer
01-CK-EUP-PS50,CK EUPHORIA EDP-S 50ML,88300162543.0,120,66.0,20.95,,,0.0,588851.0,flannels.com,£42.00 £840.00/L,https://www.idealo.co.uk/relocator/relocate?categoryId=3972&offerKey=f7e0085897e34184f5c54104c4021777&offerListId=588851-D12AE2B96DA3B0B304981A5D9E5F552D&pos=20&price=42.00&productid=588851&sid=329528&type=offer
01-CK-EUP-PS50-UK,CK EUPHORIA EDP-S 50ML,88300162543.0,993,66.0,20.95,,,0.0,588851.0,allbeauty.com(UK),£24.95 £499.00/L,https://www.idealo.co.uk/relocator/relocate?categoryId=3972&offerKey=233e6b147a984d18bd478320934c65d8&offerListId=588851-D12AE2B96DA3B0B304981A5D9E5F552D&pos=1&price=24.95&productid=588851&sid=28942&type=offer
01-CK-EUP-PS50-UK,CK EUPHORIA EDP-S 50ML,88300162543.0,993,66.0,20.95,,,0.0,588851.0,,£25.28 £505.60/L,https://www.idealo.co.uk/relocator/relocate?categoryId=3972&offerKey=b27f5fe3d1db9b794c813e3f7e035771&offerListId=588851-D12AE2B96DA3B0B304981A5D9E5F552D&pos=2&price=25.28&productid=588851&sid=307734&type=offer
01-CK-EUP-PS50-UK,CK EUPHORIA EDP-S 50ML,88300162543.0,993,66.0,20.95,,,0.0,588851.0,Fragrancedirect.co.uk,£25.95 £519.00/L,https://www.idealo.co.uk/relocator/relocate?categoryId=3972&offerKey=61ac28b778eeb0bf91c1c1daf7699f1a&offerListId=588851-D12AE2B96DA3B0B304981A5D9E5F552D&pos=3&price=25.95&productid=588851&sid=21971&type=offer
01-CK-EUP-PS50-UK,CK EUPHORIA EDP-S 50ML,88300162543.0,993,66.0,20.95,,,0.0,588851.0,Perfumeclick.co.uk,£28.70 £574.00/L,https://www.idealo.co.uk/relocator/relocate?categoryId=3972&offerKey=04437e0fee5d709da1aadbeb1c6b8d67&offerListId=588851-D12AE2B96DA3B0B304981A5D9E5F552D&pos=4&price=28.70&productid=588851&sid=69736&type=offer
01-CK-EUP-PS50-UK,CK EUPHORIA EDP-S 50ML,88300162543.0,993,66.0,20.95,,,0.0,588851.0,cosmetify.com,£30.14 £602.80/L,https://www.idealo.co.uk/relocator/relocate?categoryId=3972&offerKey=28eeb2be3e85ddb5701f5ae56fa2ee87&offerListId=588851-D12AE2B96DA3B0B304981A5D9E5F552D&pos=5&price=30.14&productid=588851&sid=329503&type=offer
01-CK-EUP-PS50-UK,CK EUPHORIA EDP-S 50ML,88300162543.0,993,66.0,20.95,,,0.0,588851.0,my-origines.com(UK),£32.15 £643.00/L,https://www.idealo.co.uk/relocator/relocate?categoryId=3972&offerKey=3e1b066965293f9f8c14c8be5e41227e&offerListId=588851-D12AE2B96DA3B0B304981A5D9E5F552D&pos=6&price=32.15&productid=588851&sid=328503&type=offer
01-CK-EUP-PS50-UK,CK EUPHORIA EDP-S 50ML,88300162543.0,993,66.0,20.95,,,0.0,588851.0,perfumedirect.com,£32.99 £659.80/L,https://www.idealo.co.uk/relocator/relocate?categoryId=3972&offerKey=85faf576f7efd88fc2bb2905f602df1f&offerListId=588851-D12AE2B96DA3B0B304981A5D9E5F552D&pos=7&price=32.99&productid=588851&sid=318630&type=offer
01-CK-EUP-PS50-UK,CK EUPHORIA EDP-S 50ML,88300162543.0,993,66.0,20.95,,,0.0,588851.0,escentual.com(UK),£33.00 £660.00/L,https://www.idealo.co.uk/relocator/relocate?categoryId=3972&offerKey=f85b097b11052c1024b8c48872f8ae94&offerListId=588851-D12AE2B96DA3B0B304981A5D9E5F552D&pos=8&price=33.00&productid=588851&sid=21988&type=offer
01-CK-EUP-PS50-UK,CK EUPHORIA EDP-S 50ML,88300162543.0,993,66.0,20.95,,,0.0,588851.0,ebay.co.uk,£33.99 £679.80/L,https://www.idealo.co.uk/relocator/relocate?categoryId=3972&offerKey=aa4b7b07f4414466409c2db5c4652b75&offerListId=588851-D12AE2B96DA3B0B304981A5D9E5F552D&pos=9&price=33.99&productid=588851&sid=22818&type=offer
01-CK-EUP-PS50-UK,CK EUPHORIA EDP-S 50ML,88300162543.0,993,66.0,20.95,,,0.0,588851.0,perfumeuk.co.uk,£34.00 £680.00/L,https://www.idealo.co.uk/relocator/relocate?categoryId=3972&offerKey=459641dec2c260ac3f3a39845eac9744&offerListId=588851-D12AE2B96DA3B0B304981A5D9E5F552D&pos=10&price=34.00&productid=588851&sid=323991&type=offer
01-CK-EUP-PS50-UK,CK EUPHORIA EDP-S 50ML,88300162543.0,993,66.0,20.95,,,0.0,588851.0,onbuy.com,£35.26 £705.20/L,https://www.idealo.co.uk/relocator/relocate?categoryId=3972&offerKey=ad044dce8d01bf89fd9f2b3aa81ba669&offerListId=588851-D12AE2B96DA3B0B304981A5D9E5F552D&pos=11&price=35.26&productid=588851&sid=316895&type=offer
01-CK-EUP-PS50-UK,CK EUPHORIA EDP-S 50ML,88300162543.0,993,66.0,20.95,,,0.0,588851.0,groupon.co.uk,£35.99 £719.80/L,https://www.idealo.co.uk/relocator/relocate?categoryId=3972&offerKey=36f76643c03a50aacbc82cf3e7ff2da1&offerListId=588851-D12AE2B96DA3B0B304981A5D9E5F552D&pos=12&price=35.99&productid=588851&sid=313205&type=offer
01-CK-EUP-PS50-UK,CK EUPHORIA EDP-S 50ML,88300162543.0,993,66.0,20.95,,,0.0,588851.0,Pharmacy2u.co.uk,£36.30 £726.00/L,https://www.idealo.co.uk/relocator/relocate?categoryId=3972&offerKey=1eba91733f1d1b692f2a3a7b06d57344&offerListId=588851-D12AE2B96DA3B0B304981A5D9E5F552D&pos=13&price=36.30&productid=588851&sid=25468&type=offer
01-CK-EUP-PS50-UK,CK EUPHORIA EDP-S 50ML,88300162543.0,993,66.0,20.95,,,0.0,588851.0,perfumeprice.co.uk,£36.95 £739.00/L,https://www.idealo.co.uk/relocator/relocate?categoryId=3972&offerKey=81eb7286afc9f2451596c1e54cd46f7f&offerListId=588851-D12AE2B96DA3B0B304981A5D9E5F552D&pos=14&price=36.95&productid=588851&sid=321700&type=offer
01-CK-EUP-PS50-UK,CK EUPHORIA EDP-S 50ML,88300162543.0,993,66.0,20.95,,,0.0,588851.0,secretsales.com (UK),£37.10 £742.00/L,https://www.idealo.co.uk/relocator/relocate?categoryId=3972&offerKey=581d25136b5c2b1831bb610d003d14ad&offerListId=588851-D12AE2B96DA3B0B304981A5D9E5F552D&pos=15&price=37.10&productid=588851&sid=324015&type=offer
01-CK-EUP-PS50-UK,CK EUPHORIA EDP-S 50ML,88300162543.0,993,66.0,20.95,,,0.0,588851.0,Perfumeshopping.com(UK),£38.86 £777.20/L,https://www.idealo.co.uk/relocator/relocate?categoryId=3972&offerKey=cf066731c7a79c85a21f6b0f4fa2217a&offerListId=588851-D12AE2B96DA3B0B304981A5D9E5F552D&pos=16&price=38.86&productid=588851&sid=282217&type=offer
01-CK-EUP-PS50-UK,CK EUPHORIA EDP-S 50ML,88300162543.0,993,66.0,20.95,,,0.0,588851.0,onbuy.com,£39.36 £787.20/L,https://www.idealo.co.uk/relocator/relocate?categoryId=3972&offerKey=6c0ee47629472f96c87b9b8c4df3a327&offerListId=588851-D12AE2B96DA3B0B304981A5D9E5F552D&pos=17&price=39.36&productid=588851&sid=316895&type=offer
01-CK-EUP-PS50-UK,CK EUPHORIA EDP-S 50ML,88300162543.0,993,66.0,20.95,,,0.0,588851.0,beautybase.com(UK),£39.95 £799.00/L,https://www.idealo.co.uk/relocator/relocate?categoryId=3972&offerKey=5e4d4a9078722dd3e21794a21a9fc1a6&offerListId=588851-D12AE2B96DA3B0B304981A5D9E5F552D&pos=18&price=39.95&productid=588851&sid=299115&type=offer
01-CK-EUP-PS50-UK,CK EUPHORIA EDP-S 50ML,88300162543.0,993,66.0,20.95,,,0.0,588851.0,studio.co.uk,£42.00 £840.00/L,https://www.idealo.co.uk/relocator/relocate?categoryId=3972&offerKey=deddadbd13569152a3b8083a9aadf120&offerListId=588851-D12AE2B96DA3B0B304981A5D9E5F552D&pos=19&price=42.00&productid=588851&sid=25953&type=offer
01-CK-EUP-PS50-UK,CK EUPHORIA EDP-S 50ML,88300162543.0,993,66.0,20.95,,,0.0,588851.0,flannels.com,£42.00 £840.00/L,https://www.idealo.co.uk/relocator/relocate?categoryId=3972&offerKey=f7e0085897e34184f5c54104c4021777&offerListId=588851-D12AE2B96DA3B0B304981A5D9E5F552D&pos=20&price=42.00&productid=588851&sid=329528&type=offer
01-CK-EUP-PS50-UK,CK EUPHORIA EDP-S 50ML,88300162543.0,993,66.0,20.95,,,0.0,588851.0,allbeauty.com(UK),£24.95 £499.00/L,https://www.idealo.co.uk/relocator/relocate?categoryId=3972&offerKey=233e6b147a984d18bd478320934c65d8&offerListId=588851-D12AE2B96DA3B0B304981A5D9E5F552D&pos=1&price=24.95&productid=588851&sid=28942&type=offer
01-CK-EUP-PS50-UK,CK EUPHORIA EDP-S 50ML,88300162543.0,993,66.0,20.95,,,0.0,588851.0,,£25.28 £505.60/L,https://www.idealo.co.uk/relocator/relocate?categoryId=3972&offerKey=b27f5fe3d1db9b794c813e3f7e035771&offerListId=588851-D12AE2B96DA3B0B304981A5D9E5F552D&pos=2&price=25.28&productid=588851&sid=307734&type=offer
01-CK-EUP-PS50-UK,CK EUPHORIA EDP-S 50ML,88300162543.0,993,66.0,20.95,,,0.0,588851.0,Fragrancedirect.co.uk,£25.95 £519.00/L,https://www.idealo.co.uk/relocator/relocate?categoryId=3972&offerKey=61ac28b778eeb0bf91c1c1daf7699f1a&offerListId=588851-D12AE2B96DA3B0B304981A5D9E5F552D&pos=3&price=25.95&productid=588851&sid=21971&type=offer
01-CK-EUP-PS50-UK,CK EUPHORIA EDP-S 50ML,88300162543.0,993,66.0,20.95,,,0.0,588851.0,Perfumeclick.co.uk,£28.70 £574.00/L,https://www.idealo.co.uk/relocator/relocate?categoryId=3972&offerKey=04437e0fee5d709da1aadbeb1c6b8d67&offerListId=588851-D12AE2B96DA3B0B304981A5D9E5F552D&pos=4&price=28.70&productid=588851&sid=69736&type=offer
01-CK-EUP-PS50-UK,CK EUPHORIA EDP-S 50ML,88300162543.0,993,66.0,20.95,,,0.0,588851.0,cosmetify.com,£30.14 £602.80/L,https://www.idealo.co.uk/relocator/relocate?categoryId=3972&offerKey=28eeb2be3e85ddb5701f5ae56fa2ee87&offerListId=588851-D12AE2B96DA3B0B304981A5D9E5F552D&pos=5&price=30.14&productid=588851&sid=329503&type=offer
01-CK-EUP-PS50-UK,CK EUPHORIA EDP-S 50ML,88300162543.0,993,66.0,20.95,,,0.0,588851.0,my-origines.com(UK),£32.15 £643.00/L,https://www.idealo.co.uk/relocator/relocate?categoryId=3972&offerKey=3e1b066965293f9f8c14c8be5e41227e&offerListId=588851-D12AE2B96DA3B0B304981A5D9E5F552D&pos=6&price=32.15&productid=588851&sid=328503&type=offer
01-CK-EUP-PS50-UK,CK EUPHORIA EDP-S 50ML,88300162543.0,993,66.0,20.95,,,0.0,588851.0,perfumedirect.com,£32.99 £659.80/L,https://www.idealo.co.uk/relocator/relocate?categoryId=3972&offerKey=85faf576f7efd88fc2bb2905f602df1f&offerListId=588851-D12AE2B96DA3B0B304981A5D9E5F552D&pos=7&price=32.99&productid=588851&sid=318630&type=offer
01-CK-EUP-PS50-UK,CK EUPHORIA EDP-S 50ML,88300162543.0,993,66.0,20.95,,,0.0,588851.0,escentual.com(UK),£33.00 £660.00/L,https://www.idealo.co.uk/relocator/relocate?categoryId=3972&offerKey=f85b097b11052c1024b8c48872f8ae94&offerListId=588851-D12AE2B96DA3B0B304981A5D9E5F552D&pos=8&price=33.00&productid=588851&sid=21988&type=offer
01-CK-EUP-PS50-UK,CK EUPHORIA EDP-S 50ML,88300162543.0,993,66.0,20.95,,,0.0,588851.0,ebay.co.uk,£33.99 £679.80/L,https://www.idealo.co.uk/relocator/relocate?categoryId=3972&offerKey=aa4b7b07f4414466409c2db5c4652b75&offerListId=588851-D12AE2B96DA3B0B304981A5D9E5F552D&pos=9&price=33.99&productid=588851&sid=22818&type=offer
01-CK-EUP-PS50-UK,CK EUPHORIA EDP-S 50ML,88300162543.0,993,66.0,20.95,,,0.0,588851.0,perfumeuk.co.uk,£34.00 £680.00/L,https://www.idealo.co.uk/relocator/relocate?categoryId=3972&offerKey=459641dec2c260ac3f3a39845eac9744&offerListId=588851-D12AE2B96DA3B0B304981A5D9E5F552D&pos=10&price=34.00&productid=588851&sid=323991&type=offer
01-CK-EUP-PS50-UK,CK EUPHORIA EDP-S 50ML,88300162543.0,993,66.0,20.95,,,0.0,588851.0,onbuy.com,£35.26 £705.20/L,https://www.idealo.co.uk/relocator/relocate?categoryId=3972&offerKey=ad044dce8d01bf89fd9f2b3aa81ba669&offerListId=588851-D12AE2B96DA3B0B304981A5D9E5F552D&pos=11&price=35.26&productid=588851&sid=316895&type=offer
01-CK-EUP-PS50-UK,CK EUPHORIA EDP-S 50ML,88300162543.0,993,66.0,20.95,,,0.0,588851.0,groupon.co.uk,£35.99 £719.80/L,https://www.idealo.co.uk/relocator/relocate?categoryId=3972&offerKey=36f76643c03a50aacbc82cf3e7ff2da1&offerListId=588851-D12AE2B96DA3B0B304981A5D9E5F552D&pos=12&price=35.99&productid=588851&sid=313205&type=offer
01-CK-EUP-PS50-UK,CK EUPHORIA EDP-S 50ML,88300162543.0,993,66.0,20.95,,,0.0,588851.0,Pharmacy2u.co.uk,£36.30 £726.00/L,https://www.idealo.co.uk/relocator/relocate?categoryId=3972&offerKey=1eba91733f1d1b692f2a3a7b06d57344&offerListId=588851-D12AE2B96DA3B0B304981A5D9E5F552D&pos=13&price=36.30&productid=588851&sid=25468&type=offer
01-CK-EUP-PS50-UK,CK EUPHORIA EDP-S 50ML,88300162543.0,993,66.0,20.95,,,0.0,588851.0,perfumeprice.co.uk,£36.95 £739.00/L,https://www.idealo.co.uk/relocator/relocate?categoryId=3972&offerKey=81eb7286afc9f2451596c1e54cd46f7f&offerListId=588851-D12AE2B96DA3B0B304981A5D9E5F552D&pos=14&price=36.95&productid=588851&sid=321700&type=offer
01-CK-EUP-PS50-UK,CK EUPHORIA EDP-S 50ML,88300162543.0,993,66.0,20.95,,,0.0,588851.0,secretsales.com (UK),£37.10 £742.00/L,https://www.idealo.co.uk/relocator/relocate?categoryId=3972&offerKey=581d25136b5c2b1831bb610d003d14ad&offerListId=588851-D12AE2B96DA3B0B304981A5D9E5F552D&pos=15&price=37.10&productid=588851&sid=324015&type=offer
01-CK-EUP-PS50-UK,CK EUPHORIA EDP-S 50ML,88300162543.0,993,66.0,20.95,,,0.0,588851.0,Perfumeshopping.com(UK),£38.86 £777.20/L,https://www.idealo.co.uk/relocator/relocate?categoryId=3972&offerKey=cf066731c7a79c85a21f6b0f4fa2217a&offerListId=588851-D12AE2B96DA3B0B304981A5D9E5F552D&pos=16&price=38.86&productid=588851&sid=282217&type=offer
01-CK-EUP-PS50-UK,CK EUPHORIA EDP-S 50ML,88300162543.0,993,66.0,20.95,,,0.0,588851.0,onbuy.com,£39.36 £787.20/L,https://www.idealo.co.uk/relocator/relocate?categoryId=3972&offerKey=6c0ee47629472f96c87b9b8c4df3a327&offerListId=588851-D12AE2B96DA3B0B304981A5D9E5F552D&pos=17&price=39.36&productid=588851&sid=316895&type=offer
01-CK-EUP-PS50-UK,CK EUPHORIA EDP-S 50ML,88300162543.0,993,66.0,20.95,,,0.0,588851.0,beautybase.com(UK),£39.95 £799.00/L,https://www.idealo.co.uk/relocator/relocate?categoryId=3972&offerKey=5e4d4a9078722dd3e21794a21a9fc1a6&offerListId=588851-D12AE2B96DA3B0B304981A5D9E5F552D&pos=18&price=39.95&productid=588851&sid=299115&type=offer
01-CK-EUP-PS50-UK,CK EUPHORIA EDP-S 50ML,88300162543.0,993,66.0,20.95,,,0.0,588851.0,studio.co.uk,£42.00 £840.00/L,https://www.idealo.co.uk/relocator/relocate?categoryId=3972&offerKey=deddadbd13569152a3b8083a9aadf120&offerListId=588851-D12AE2B96DA3B0B304981A5D9E5F552D&pos=19&price=42.00&productid=588851&sid=25953&type=offer
01-CK-EUP-PS50-UK,CK EUPHORIA EDP-S 50ML,88300162543.0,993,66.0,20.95,,,0.0,588851.0,flannels.com,£42.00 £840.00/L,https://www.idealo.co.uk/relocator/relocate?categoryId=3972&offerKey=f7e0085897e34184f5c54104c4021777&offerListId=588851-D12AE2B96DA3B0B304981A5D9E5F552D&pos=20&price=42.00&productid=588851&sid=329528&type=offer
01-CK-IN2U-TS100,CALVIN KLEIN CKIN2U HER EDT-S 100ML,88300196814.0,1000+,55.0,11.5,,,0.0,743847.0,ebay.co.uk,£11.95 £119.50/L,https://www.idealo.co.uk/relocator/relocate?categoryId=3972&offerKey=45d672820bd754716264bab3ac39d843&offerListId=743847-8400E484F2D831818A8816CA3DCDB287&pos=1&price=11.95&productid=743847&sid=22818&type=offer
01-CK-IN2U-TS100,CALVIN KLEIN CKIN2U HER EDT-S 100ML,88300196814.0,1000+,55.0,11.5,,,0.0,743847.0,,£15.04 £150.40/L,https://www.idealo.co.uk/relocator/relocate?categoryId=3972&offerKey=778178dfce1e41b0a1c8499cfdf366c3&offerListId=743847-8400E484F2D831818A8816CA3DCDB287&pos=2&price=15.04&productid=743847&sid=307734&type=offer
01-CK-IN2U-TS100,CALVIN KLEIN CKIN2U HER EDT-S 100ML,88300196814.0,1000+,55.0,11.5,,,0.0,743847.0,amazon.co.uk,£17.95 £179.50/L,https://www.idealo.co.uk/relocator/relocate?categoryId=3972&offerKey=5ee14a468fae9b9f123f4f956c1cf0fa&offerListId=743847-8400E484F2D831818A8816CA3DCDB287&pos=3&price=17.95&productid=743847&sid=12004&type=offer
01-CK-IN2U-TS100,CALVIN KLEIN CKIN2U HER EDT-S 100ML,88300196814.0,1000+,55.0,11.5,,,0.0,743847.0,Fragrancedirect.co.uk,£17.95 £179.50/L,https://www.idealo.co.uk/relocator/relocate?categoryId=3972&offerKey=553fb83718c02dc87215eeedb7b03162&offerListId=743847-8400E484F2D831818A8816CA3DCDB287&pos=4&price=17.95&productid=743847&sid=21971&type=offer
01-CK-IN2U-TS100,CALVIN KLEIN CKIN2U HER EDT-S 100ML,88300196814.0,1000+,55.0,11.5,,,0.0,743847.0,bodycareonline.co.uk,£18.99 £189.90/L,https://www.idealo.co.uk/relocator/relocate?categoryId=3972&offerKey=6dc62542a8a58f9d4f1b0a98d43d32d3&offerListId=743847-8400E484F2D831818A8816CA3DCDB287&pos=5&price=18.99&productid=743847&sid=332851&type=offer
01-CK-IN2U-TS100,CALVIN KLEIN CKIN2U HER EDT-S 100ML,88300196814.0,1000+,55.0,11.5,,,0.0,743847.0,cosmetify.com,£18.99 £189.90/L,https://www.idealo.co.uk/relocator/relocate?categoryId=3972&offerKey=1ac92e153a5a06ae8d3d36dd22490b23&offerListId=743847-8400E484F2D831818A8816CA3DCDB287&pos=6&price=18.99&productid=743847&sid=329503&type=offer
01-CK-IN2U-TS100,CALVIN KLEIN CKIN2U HER EDT-S 100ML,88300196814.0,1000+,55.0,11.5,,,0.0,743847.0,perfumedirect.com,£18.99 £189.90/L,https://www.idealo.co.uk/relocator/relocate?categoryId=3972&offerKey=ed330111fe860440bcc278856517dc65&offerListId=743847-8400E484F2D831818A8816CA3DCDB287&pos=7&price=18.99&productid=743847&sid=318630&type=offer
01-CK-IN2U-TS100,CALVIN KLEIN CKIN2U HER EDT-S 100ML,88300196814.0,1000+,55.0,11.5,,,0.0,743847.0,Perfumeclick.co.uk,£19.35 £193.50/L,https://www.idealo.co.uk/relocator/relocate?categoryId=3972&offerKey=8255c407c6bd54886f7c97857b16511c&offerListId=743847-8400E484F2D831818A8816CA3DCDB287&pos=8&price=19.35&productid=743847&sid=69736&type=offer
01-CK-IN2U-TS100,CALVIN KLEIN CKIN2U HER EDT-S 100ML,88300196814.0,1000+,55.0,11.5,,,0.0,743847.0,Scentsationalperfumes.com,£19.50 £195.00/L,https://www.idealo.co.uk/relocator/relocate?categoryId=3972&offerKey=4d2d09f8f570bb025041ed04943aa4d1&offerListId=743847-8400E484F2D831818A8816CA3DCDB287&pos=9&price=19.50&productid=743847&sid=282041&type=offer
01-CK-IN2U-TS100,CALVIN KLEIN CKIN2U HER EDT-S 100ML,88300196814.0,1000+,55.0,11.5,,,0.0,743847.0,secretsales.com (UK),£20.90 £209.00/L,https://www.idealo.co.uk/relocator/relocate?categoryId=3972&offerKey=eb586bab9aff9ed37c20564796dd7148&offerListId=743847-8400E484F2D831818A8816CA3DCDB287&pos=10&price=20.90&productid=743847&sid=324015&type=offer
01-CK-IN2U-TS100,CALVIN KLEIN CKIN2U HER EDT-S 100ML,88300196814.0,1000+,55.0,11.5,,,0.0,743847.0,debenhams.com,£21.00 £210.00/L,https://www.idealo.co.uk/relocator/relocate?categoryId=3972&offerKey=5389e357363169344105fe88afc2990a&offerListId=743847-8400E484F2D831818A8816CA3DCDB287&pos=11&price=21.00&productid=743847&sid=324109&type=offer
01-CK-IN2U-TS100,CALVIN KLEIN CKIN2U HER EDT-S 100ML,88300196814.0,1000+,55.0,11.5,,,0.0,743847.0,onbuy.com,£21.38 £213.80/L,https://www.idealo.co.uk/relocator/relocate?categoryId=3972&offerKey=7f58fdc507e18e30b9b6c915cc71880d&offerListId=743847-8400E484F2D831818A8816CA3DCDB287&pos=12&price=21.38&productid=743847&sid=316895&type=offer
01-CK-IN2U-TS100,CALVIN KLEIN CKIN2U HER EDT-S 100ML,88300196814.0,1000+,55.0,11.5,,,0.0,743847.0,beautybase.com(UK),£22.50 £225.00/L,https://www.idealo.co.uk/relocator/relocate?categoryId=3972&offerKey=a233e1b47a49e380653e6bbd2ddb066c&offerListId=743847-8400E484F2D831818A8816CA3DCDB287&pos=13&price=22.50&productid=743847&sid=299115&type=offer
01-CK-IN2U-TS100,CALVIN KLEIN CKIN2U HER EDT-S 100ML,88300196814.0,1000+,55.0,11.5,,,0.0,743847.0,Boots.com (UK),£22.52 £225.20/L,https://www.idealo.co.uk/relocator/relocate?categoryId=3972&offerKey=7740b80b30c4846cb5ab64b4865c1b07&offerListId=743847-8400E484F2D831818A8816CA3DCDB287&pos=14&price=22.52&productid=743847&sid=27286&type=offer
01-CK-IN2U-TS100,CALVIN KLEIN CKIN2U HER EDT-S 100ML,88300196814.0,1000+,55.0,11.5,,,0.0,743847.0,secretsales.com (UK),£22.66 £226.60/L,https://www.idealo.co.uk/relocator/relocate?categoryId=3972&offerKey=152cd461df1fe83d0dea6bb51a4f2012&offerListId=743847-8400E484F2D831818A8816CA3DCDB287&pos=15&price=22.66&productid=743847&sid=324015&type=offer
01-CK-IN2U-TS100,CALVIN KLEIN CKIN2U HER EDT-S 100ML,88300196814.0,1000+,55.0,11.5,,,0.0,743847.0,studio.co.uk,£24.00 £240.00/L,https://www.idealo.co.uk/relocator/relocate?categoryId=3972&offerKey=29aa2f3cfb2e1149b4ae147d9732e3d1&offerListId=743847-8400E484F2D831818A8816CA3DCDB287&pos=16&price=24.00&productid=743847&sid=25953&type=offer
01-CK-IN2U-TS100,CALVIN KLEIN CKIN2U HER EDT-S 100ML,88300196814.0,1000+,55.0,11.5,,,0.0,743847.0,flannels.com,£24.00 £240.00/L,https://www.idealo.co.uk/relocator/relocate?categoryId=3972&offerKey=f7751470eeb85f027b6e3a6f706cccf1&offerListId=743847-8400E484F2D831818A8816CA3DCDB287&pos=17&price=24.00&productid=743847&sid=329528&type=offer
01-CK-IN2U-TS100,CALVIN KLEIN CKIN2U HER EDT-S 100ML,88300196814.0,1000+,55.0,11.5,,,0.0,743847.0,onbuy.com,£24.44 £244.40/L,https://www.idealo.co.uk/relocator/relocate?categoryId=3972&offerKey=352559fb3d52cf00305d95de924356f0&offerListId=743847-8400E484F2D831818A8816CA3DCDB287&pos=18&price=24.44&productid=743847&sid=316895&type=offer
01-CK-IN2U-TS100,CALVIN KLEIN CKIN2U HER EDT-S 100ML,88300196814.0,1000+,55.0,11.5,,,0.0,743847.0,my-origines.com(UK),£25.01 £250.10/L,https://www.idealo.co.uk/relocator/relocate?categoryId=3972&offerKey=8c3d2182f04f72b255f4a75b64ed9390&offerListId=743847-8400E484F2D831818A8816CA3DCDB287&pos=19&price=25.01&productid=743847&sid=328503&type=offer
01-CK-IN2U-TS100,CALVIN KLEIN CKIN2U HER EDT-S 100ML,88300196814.0,1000+,55.0,11.5,,,0.0,743847.0,Lookfantastic.com (UK),£27.50 £275.00/L,https://www.idealo.co.uk/relocator/relocate?categoryId=3972&offerKey=7f011c5aeb2a5ffaf584cf2ed18f275a&offerListId=743847-8400E484F2D831818A8816CA3DCDB287&pos=20&price=27.50&productid=743847&sid=24416&type=offer
01-CK-IN2U-TS50,CALVIN KLEIN CKIN2U HER EDT-S 50ML,88300196852.0,1000+,31.0,8.5,,,0.0,742425.0,notino.co.uk,£13.80 £276.00/L,https://www.idealo.co.uk/relocator/relocate?categoryId=3972&offerKey=1ab70279d168c4a2091e6f15de2bbef1&offerListId=742425-98A1619B629B6E0A46A70E00AF638514&pos=1&price=13.80&productid=742425&sid=307734&type=offer
01-CK-IN2U-TS50,CALVIN KLEIN CKIN2U HER EDT-S 50ML,88300196852.0,1000+,31.0,8.5,,,0.0,742425.0,Perfumeclick.co.uk,£14.00 £280.00/L,https://www.idealo.co.uk/relocator/relocate?categoryId=3972&offerKey=bb02009bd1c6dd7671e7e361ecbb95fe&offerListId=742425-98A1619B629B6E0A46A70E00AF638514&pos=2&price=14.00&productid=742425&sid=69736&type=offer
01-CK-IN2U-TS50,CALVIN KLEIN CKIN2U HER EDT-S 50ML,88300196852.0,1000+,31.0,8.5,,,0.0,742425.0,cosmetify.com,£14.70 £294.00/L,https://www.idealo.co.uk/relocator/relocate?categoryId=3972&offerKey=698cbbca2e22d73ee3ba3bd54baffc4c&offerListId=742425-98A1619B629B6E0A46A70E00AF638514&pos=3&price=14.70&productid=742425&sid=329503&type=offer
01-CK-IN2U-TS50,CALVIN KLEIN CKIN2U HER EDT-S 50ML,88300196852.0,1000+,31.0,8.5,,,0.0,742425.0,Tjhughes.co.uk,£15.00 £300.00/L,https://www.idealo.co.uk/relocator/relocate?categoryId=3972&offerKey=011c038e4769c582a36631128132a0db&offerListId=742425-98A1619B629B6E0A46A70E00AF638514&pos=4&price=15.00&productid=742425&sid=28759&type=offer
01-CK-IN2U-TS50,CALVIN KLEIN CKIN2U HER EDT-S 50ML,88300196852.0,1000+,31.0,8.5,,,0.0,742425.0,Tjhughes.co.uk,£15.00 £300.00/L,https://www.idealo.co.uk/relocator/relocate?categoryId=3972&offerKey=657ea831b520a9d2f4141e57cf48d4c7&offerListId=742425-98A1619B629B6E0A46A70E00AF638514&pos=5&price=15.00&productid=742425&sid=28759&type=offer
01-CK-IN2U-TS50,CALVIN KLEIN CKIN2U HER EDT-S 50ML,88300196852.0,1000+,31.0,8.5,,,0.0,742425.0,perfumedirect.com,£15.99 £319.80/L,https://www.idealo.co.uk/relocator/relocate?categoryId=3972&offerKey=4d30aee03b25bf568a4491dec9be805b&offerListId=742425-98A1619B629B6E0A46A70E00AF638514&pos=6&price=15.99&productid=742425&sid=318630&type=offer
01-CK-IN2U-TS50,CALVIN KLEIN CKIN2U HER EDT-S 50ML,88300196852.0,1000+,31.0,8.5,,,0.0,742425.0,ebay.co.uk,£17.48 £349.60/L,https://www.idealo.co.uk/relocator/relocate?categoryId=3972&offerKey=143743a2eb47e0c6af922a33b32708b4&offerListId=742425-98A1619B629B6E0A46A70E00AF638514&pos=7&price=17.48&productid=742425&sid=22818&type=offer
01-CK-IN2U-TS50,CALVIN KLEIN CKIN2U HER EDT-S 50ML,88300196852.0,1000+,31.0,8.5,,,0.0,742425.0,Expresschemist.co.uk,£17.59 £351.80/L,https://www.idealo.co.uk/relocator/relocate?categoryId=3972&offerKey=ad8b38899c2a7ec4dfa1ad4c1291b987&offerListId=742425-98A1619B629B6E0A46A70E00AF638514&pos=8&price=17.59&productid=742425&sid=22167&type=offer
01-CK-IN2U-TS50,CALVIN KLEIN CKIN2U HER EDT-S 50ML,88300196852.0,1000+,31.0,8.5,,,0.0,742425.0,secretsales.com (UK),£18.99 £379.80/L,https://www.idealo.co.uk/relocator/relocate?categoryId=3972&offerKey=f13ce7d63316196b70b5a6a4da353994&offerListId=742425-98A1619B629B6E0A46A70E00AF638514&pos=9&price=18.99&productid=742425&sid=324015&type=offer
01-CK-IN2U-TS50,CALVIN KLEIN CKIN2U HER EDT-S 50ML,88300196852.0,1000+,31.0,8.5,,,0.0,742425.0,Perfumeshopping.com(UK),£19.00 £380.00/L,https://www.idealo.co.uk/relocator/relocate?categoryId=3972&offerKey=b85df8b87680d6c02d756aa93edd5863&offerListId=742425-98A1619B629B6E0A46A70E00AF638514&pos=10&price=19.00&productid=742425&sid=282217&type=offer
01-CK-IN2U-TS50,CALVIN KLEIN CKIN2U HER EDT-S 50ML,88300196852.0,1000+,31.0,8.5,,,0.0,742425.0,onbuy.com,£19.56 £391.20/L,https://www.idealo.co.uk/relocator/relocate?categoryId=3972&offerKey=5de82111d089612662d02f967664126a&offerListId=742425-98A1619B629B6E0A46A70E00AF638514&pos=11&price=19.56&productid=742425&sid=316895&type=offer
01-CK-IN2U-TS50,CALVIN KLEIN CKIN2U HER EDT-S 50ML,88300196852.0,1000+,31.0,8.5,,,0.0,742425.0,onbuy.com,£19.99 £399.80/L,https://www.idealo.co.uk/relocator/relocate?categoryId=3972&offerKey=992b1ac78f9ef77d101d19c6ee3567e8&offerListId=742425-98A1619B629B6E0A46A70E00AF638514&pos=12&price=19.99&productid=742425&sid=316895&type=offer
01-CK-IN2U-TS50,CALVIN KLEIN CKIN2U HER EDT-S 50ML,88300196852.0,1000+,31.0,8.5,,,0.0,742425.0,parfumdreams.co.uk,£20.64 £412.80/L,https://www.idealo.co.uk/relocator/relocate?categoryId=3972&offerKey=479c7b706a237e3d3ab4617ac44ceb45&offerListId=742425-98A1619B629B6E0A46A70E00AF638514&pos=13&price=20.64&productid=742425&sid=316458&type=offer
01-CK-IN2U-TS50,CALVIN KLEIN CKIN2U HER EDT-S 50ML,88300196852.0,1000+,31.0,8.5,,,0.0,742425.0,my-origines.com(UK),£23.77 £475.40/L,https://www.idealo.co.uk/relocator/relocate?categoryId=3972&offerKey=fad6d8a8a8d155fb285d746e830b3ea5&offerListId=742425-98A1619B629B6E0A46A70E00AF638514&pos=14&price=23.77&productid=742425&sid=328503&type=offer
01-CK-IN2U-TS50,CALVIN KLEIN CKIN2U HER EDT-S 50ML,88300196852.0,1000+,31.0,8.5,,,0.0,742425.0,cazaar.co.uk,£32.25 £645.00/L,https://www.idealo.co.uk/relocator/relocate?categoryId=3972&offerKey=9bdf9c07933bd3406e201c8146a60ec6&offerListId=742425-98A1619B629B6E0A46A70E00AF638514&pos=15&price=32.25&productid=742425&sid=331015&type=offer
01-CK-OBSN-PS100,CK OBSESSION NIGHT EDP-S 100ML,88300150410.0,240,71.0,11.95,,,0.0,588874.0,Perfumeclick.co.uk,£18.80 £188.00/L,https://www.idealo.co.uk/relocator/relocate?categoryId=3972&offerKey=d3457237545434d6a730a70d845a5a50&offerListId=588874-6E41356BC851384894C6BEFF329154B0&pos=1&price=18.80&productid=588874&sid=69736&type=offer
01-CK-OBSN-PS100,CK OBSESSION NIGHT EDP-S 100ML,88300150410.0,240,71.0,11.95,,,0.0,588874.0,cosmetify.com,£19.74 £197.40/L,https://www.idealo.co.uk/relocator/relocate?categoryId=3972&offerKey=74ec951e9b847ec501d962a7f659fbc9&offerListId=588874-6E41356BC851384894C6BEFF329154B0&pos=2&price=19.74&productid=588874&sid=329503&type=offer
01-CK-OBSN-PS100,CK OBSESSION NIGHT EDP-S 100ML,88300150410.0,240,71.0,11.95,,,0.0,588874.0,perfumedirect.com,£19.99 £199.90/L,https://www.idealo.co.uk/relocator/relocate?categoryId=3972&offerKey=8eafa7b2c534014483c9062850b249ac&offerListId=588874-6E41356BC851384894C6BEFF329154B0&pos=3&price=19.99&productid=588874&sid=318630&type=offer
01-CK-OBSN-PS100,CK OBSESSION NIGHT EDP-S 100ML,88300150410.0,240,71.0,11.95,,,0.0,588874.0,allbeauty.com(UK),£20.95 £209.50/L,https://www.idealo.co.uk/relocator/relocate?categoryId=3972&offerKey=c6c36b267b26fc65cf3b8c2aced4cb8a&offerListId=588874-6E41356BC851384894C6BEFF329154B0&pos=4&price=20.95&productid=588874&sid=28942&type=offer
01-CK-OBSN-PS100,CK OBSESSION NIGHT EDP-S 100ML,88300150410.0,240,71.0,11.95,,,0.0,588874.0,Pharmacy2u.co.uk,£21.30 £213.00/L,https://www.idealo.co.uk/relocator/relocate?categoryId=3972&offerKey=4667d782c9240c9a2afc2ff92b7a95c9&offerListId=588874-6E41356BC851384894C6BEFF329154B0&pos=5&price=21.30&productid=588874&sid=25468&type=offer
01-CK-OBSN-PS100,CK OBSESSION NIGHT EDP-S 100ML,88300150410.0,240,71.0,11.95,,,0.0,588874.0,Fragrancedirect.co.uk,£21.45 £214.50/L,https://www.idealo.co.uk/relocator/relocate?categoryId=3972&offerKey=ca4915ece694f009bc62c652916b66a2&offerListId=588874-6E41356BC851384894C6BEFF329154B0&pos=6&price=21.45&productid=588874&sid=21971&type=offer
01-CK-OBSN-PS100,CK OBSESSION NIGHT EDP-S 100ML,88300150410.0,240,71.0,11.95,,,0.0,588874.0,ebay.co.uk,£21.99 £219.90/L,https://www.idealo.co.uk/relocator/relocate?categoryId=3972&offerKey=5b3914eda5ff925fa786eec9f4746694&offerListId=588874-6E41356BC851384894C6BEFF329154B0&pos=7&price=21.99&productid=588874&sid=22818&type=offer
01-CK-OBSN-PS100,CK OBSESSION NIGHT EDP-S 100ML,88300150410.0,240,71.0,11.95,,,0.0,588874.0,onbuy.com,£22.00 £220.00/L,https://www.idealo.co.uk/relocator/relocate?categoryId=3972&offerKey=109c045eff182e3d185388dd97dbb877&offerListId=588874-6E41356BC851384894C6BEFF329154B0&pos=8&price=22.00&productid=588874&sid=316895&type=offer
01-CK-OBSN-PS100,CK OBSESSION NIGHT EDP-S 100ML,88300150410.0,240,71.0,11.95,,,0.0,588874.0,Tjhughes.co.uk,£24.00 £240.00/L,https://www.idealo.co.uk/relocator/relocate?categoryId=3972&offerKey=6d4b074f4ccdb3df79513d0d0baa6dea&offerListId=588874-6E41356BC851384894C6BEFF329154B0&pos=9&price=24.00&productid=588874&sid=28759&type=offer
01-CK-OBSN-PS100,CK OBSESSION NIGHT EDP-S 100ML,88300150410.0,240,71.0,11.95,,,0.0,588874.0,Thefragrancecounter.com (UK),£26.00 £260.00/L,https://www.idealo.co.uk/relocator/relocate?categoryId=3972&offerKey=f3357d08795f1c99db92a510c57fc259&offerListId=588874-6E41356BC851384894C6BEFF329154B0&pos=10&price=26.00&productid=588874&sid=299378&type=offer
01-CK-OBSN-PS100,CK OBSESSION NIGHT EDP-S 100ML,88300150410.0,240,71.0,11.95,,,0.0,588874.0,Directcosmetics.com(UK),£28.00 £280.00/L,https://www.idealo.co.uk/relocator/relocate?categoryId=3972&offerKey=11a3c610b75926ac41e1d7eaa6b1d1a1&offerListId=588874-6E41356BC851384894C6BEFF329154B0&pos=11&price=28.00&productid=588874&sid=24317&type=offer
01-CK-OBSN-PS100,CK OBSESSION NIGHT EDP-S 100ML,88300150410.0,240,71.0,11.95,,,0.0,588874.0,secretsales.com (UK),£28.52 £285.20/L,https://www.idealo.co.uk/relocator/relocate?categoryId=3972&offerKey=49d863c0f6a5ddf08ede867ee23daf80&offerListId=588874-6E41356BC851384894C6BEFF329154B0&pos=12&price=28.52&productid=588874&sid=324015&type=offer
01-CK-OBSN-PS100,CK OBSESSION NIGHT EDP-S 100ML,88300150410.0,240,71.0,11.95,,,0.0,588874.0,beautybase.com(UK),£29.00 £290.00/L,https://www.idealo.co.uk/relocator/relocate?categoryId=3972&offerKey=2f96e9f1bd91e158424f38b66fd1a984&offerListId=588874-6E41356BC851384894C6BEFF329154B0&pos=13&price=29.00&productid=588874&sid=299115&type=offer
01-CK-OBSN-PS100,CK OBSESSION NIGHT EDP-S 100ML,88300150410.0,240,71.0,11.95,,,0.0,588874.0,onbuy.com,£35.99 £359.90/L,https://www.idealo.co.uk/relocator/relocate?categoryId=3972&offerKey=0b0d572c95112a36f8d936dadd13bfd0&offerListId=588874-6E41356BC851384894C6BEFF329154B0&pos=14&price=35.99&productid=588874&sid=316895&type=offer
01-CK-OBSN-PS100,CK OBSESSION NIGHT EDP-S 100ML,88300150410.0,240,71.0,11.95,,,0.0,588874.0,my-origines.com(UK),£37.00 £370.00/L,https://www.idealo.co.uk/relocator/relocate?categoryId=3972&offerKey=c8fcbfbb2a04679f7e4435bb578fc750&offerListId=588874-6E41356BC851384894C6BEFF329154B0&pos=15&price=37.00&productid=588874&sid=328503&type=offer
01-CK-OBSN-PS100,CK OBSESSION NIGHT EDP-S 100ML,88300150410.0,240,71.0,11.95,,,0.0,588874.0,freemans.com (UK),£49.00 £490.00/L,https://www.idealo.co.uk/relocator/relocate?categoryId=3972&offerKey=7fefad8dd08de6de56d99b214c878889&offerListId=588874-6E41356BC851384894C6BEFF329154B0&pos=16&price=49.00&productid=588874&sid=320471&type=offer
01-CK-OBSN-PS100,CK OBSESSION NIGHT EDP-S 100ML,88300150410.0,240,71.0,11.95,,,0.0,588874.0,cazaar.co.uk,£52.68 £526.80/L,https://www.idealo.co.uk/relocator/relocate?categoryId=3972&offerKey=986e774d9af93bf977ac4fa35cf2e8ab&offerListId=588874-6E41356BC851384894C6BEFF329154B0&pos=17&price=52.68&productid=588874&sid=331015&type=offer
01-CK-OBSN-PS100,CK OBSESSION NIGHT EDP-S 100ML,88300150410.0,240,71.0,11.95,,,0.0,588874.0,Luxplus.co.uk,£65.99 £659.90/L,https://www.idealo.co.uk/relocator/relocate?categoryId=3972&offerKey=bffe9b2acb43a634a9039a7cfe8d9032&offerListId=588874-6E41356BC851384894C6BEFF329154B0&pos=18&price=65.99&productid=588874&sid=322970&type=offer
01-CK-OBS-PS100,CK OBSESSION EDP-S 100ML,88300603404.0,347,84.0,13.95,,,0.0,588867.0,Pharmacy2u.co.uk,£18.60 £186.00/L,https://www.idealo.co.uk/relocator/relocate?categoryId=3972&offerKey=6bd1d20191c6ea72cde7d0be5113583c&offerListId=588867-B79079B38F083163A0770710EE3BDCF4&pos=1&price=18.60&productid=588867&sid=25468&type=offer
01-CK-OBS-PS100,CK OBSESSION EDP-S 100ML,88300603404.0,347,84.0,13.95,,,0.0,588867.0,groupon.co.uk,£22.99 £229.90/L,https://www.idealo.co.uk/relocator/relocate?categoryId=3972&offerKey=02c71cf713cc60ba18dbdfb865338715&offerListId=588867-B79079B38F083163A0770710EE3BDCF4&pos=2&price=22.99&productid=588867&sid=313205&type=offer
01-CK-OBS-PS100,CK OBSESSION EDP-S 100ML,88300603404.0,347,84.0,13.95,,,0.0,588867.0,onbuy.com,£23.23 £232.30/L,https://www.idealo.co.uk/relocator/relocate?categoryId=3972&offerKey=8ef1983472b9d1fde0f503d42e9fc2c3&offerListId=588867-B79079B38F083163A0770710EE3BDCF4&pos=3&price=23.23&productid=588867&sid=316895&type=offer
01-CK-OBS-PS100,CK OBSESSION EDP-S 100ML,88300603404.0,347,84.0,13.95,,,0.0,588867.0,cosmetify.com,£23.57 £235.70/L,https://www.idealo.co.uk/relocator/relocate?categoryId=3972&offerKey=c622f8fbd84adcbf5f52b9c8d9f8620a&offerListId=588867-B79079B38F083163A0770710EE3BDCF4&pos=4&price=23.57&productid=588867&sid=329503&type=offer
01-CK-OBS-PS100,CK OBSESSION EDP-S 100ML,88300603404.0,347,84.0,13.95,,,0.0,588867.0,onbuy.com,£23.66 £236.60/L,https://www.idealo.co.uk/relocator/relocate?categoryId=3972&offerKey=e4493466597505156953e1c9974ab493&offerListId=588867-B79079B38F083163A0770710EE3BDCF4&pos=5&price=23.66&productid=588867&sid=316895&type=offer
01-CK-OBS-PS100,CK OBSESSION EDP-S 100ML,88300603404.0,347,84.0,13.95,,,0.0,588867.0,onbuy.com,£23.91 £239.10/L,https://www.idealo.co.uk/relocator/relocate?categoryId=3972&offerKey=f9851bc9d124910c310cf97d69a91250&offerListId=588867-B79079B38F083163A0770710EE3BDCF4&pos=6&price=23.91&productid=588867&sid=316895&type=offer
01-CK-OBS-PS100,CK OBSESSION EDP-S 100ML,88300603404.0,347,84.0,13.95,,,0.0,588867.0,Fragrancedirect.co.uk,£23.95 £239.50/L,https://www.idealo.co.uk/relocator/relocate?categoryId=3972&offerKey=6bd6bcedc18c1edb7770a8f1b080ff80&offerListId=588867-B79079B38F083163A0770710EE3BDCF4&pos=7&price=23.95&productid=588867&sid=21971&type=offer
01-CK-OBS-PS100,CK OBSESSION EDP-S 100ML,88300603404.0,347,84.0,13.95,,,0.0,588867.0,ebay.co.uk,£23.98 £239.80/L,https://www.idealo.co.uk/relocator/relocate?categoryId=3972&offerKey=baea6d8c874af45e29fe4bed212619a0&offerListId=588867-B79079B38F083163A0770710EE3BDCF4&pos=8&price=23.98&productid=588867&sid=22818&type=offer
01-CK-OBS-PS100,CK OBSESSION EDP-S 100ML,88300603404.0,347,84.0,13.95,,,0.0,588867.0,perfumeprice.co.uk,£24.95 £249.50/L,https://www.idealo.co.uk/relocator/relocate?categoryId=3972&offerKey=7542fadc48a6238b71b31a3da81af330&offerListId=588867-B79079B38F083163A0770710EE3BDCF4&pos=9&price=24.95&productid=588867&sid=321700&type=offer
01-CK-OBS-PS100,CK OBSESSION EDP-S 100ML,88300603404.0,347,84.0,13.95,,,0.0,588867.0,allbeauty.com(UK),£24.95 £249.50/L,https://www.idealo.co.uk/relocator/relocate?categoryId=3972&offerKey=34a21f90a9066de3096b4e2ebb784f77&offerListId=588867-B79079B38F083163A0770710EE3BDCF4&pos=10&price=24.95&productid=588867&sid=28942&type=offer
01-CK-OBS-PS100,CK OBSESSION EDP-S 100ML,88300603404.0,347,84.0,13.95,,,0.0,588867.0,onbuy.com,£24.96 £249.60/L,https://www.idealo.co.uk/relocator/relocate?categoryId=3972&offerKey=ae539fd555aaeace92e05b473c4979c1&offerListId=588867-B79079B38F083163A0770710EE3BDCF4&pos=11&price=24.96&productid=588867&sid=316895&type=offer
01-CK-OBS-PS100,CK OBSESSION EDP-S 100ML,88300603404.0,347,84.0,13.95,,,0.0,588867.0,perfumedirect.com,£24.99 £249.90/L,https://www.idealo.co.uk/relocator/relocate?categoryId=3972&offerKey=8baf9203bc5f0ac0b5cf4cf40a46f4b7&offerListId=588867-B79079B38F083163A0770710EE3BDCF4&pos=12&price=24.99&productid=588867&sid=318630&type=offer
01-CK-OBS-PS100,CK OBSESSION EDP-S 100ML,88300603404.0,347,84.0,13.95,,,0.0,588867.0,secretsales.com (UK),£25.20 £252.00/L,https://www.idealo.co.uk/relocator/relocate?categoryId=3972&offerKey=c91826045fa301442c74942595080a3e&offerListId=588867-B79079B38F083163A0770710EE3BDCF4&pos=13&price=25.20&productid=588867&sid=324015&type=offer
01-CK-OBS-PS100,CK OBSESSION EDP-S 100ML,88300603404.0,347,84.0,13.95,,,0.0,588867.0,Perfumeshopping.com(UK),£25.97 £259.70/L,https://www.idealo.co.uk/relocator/relocate?categoryId=3972&offerKey=65311d26a67c17ffdbe2904cabe445b8&offerListId=588867-B79079B38F083163A0770710EE3BDCF4&pos=14&price=25.97&productid=588867&sid=282217&type=offer
01-CK-OBS-PS100,CK OBSESSION EDP-S 100ML,88300603404.0,347,84.0,13.95,,,0.0,588867.0,beautybase.com(UK),£26.00 £260.00/L,https://www.idealo.co.uk/relocator/relocate?categoryId=3972&offerKey=f1f7b791a98bae229d7d6c4235d4d151&offerListId=588867-B79079B38F083163A0770710EE3BDCF4&pos=15&price=26.00&productid=588867&sid=299115&type=offer
01-CK-OBS-PS100,CK OBSESSION EDP-S 100ML,88300603404.0,347,84.0,13.95,,,0.0,588867.0,my-origines.com(UK),£26.50 £265.00/L,https://www.idealo.co.uk/relocator/relocate?categoryId=3972&offerKey=1375dc69421e8c9c11688aee42952cfb&offerListId=588867-B79079B38F083163A0770710EE3BDCF4&pos=16&price=26.50&productid=588867&sid=328503&type=offer
01-CK-OBS-PS100,CK OBSESSION EDP-S 100ML,88300603404.0,347,84.0,13.95,,,0.0,588867.0,Robertdyas.co.uk,£27.99 £279.90/L,https://www.idealo.co.uk/relocator/relocate?categoryId=3972&offerKey=7109a7724e021a3cf73757f63cecf5ca&offerListId=588867-B79079B38F083163A0770710EE3BDCF4&pos=17&price=27.99&productid=588867&sid=22151&type=offer
01-CK-OBS-PS100,CK OBSESSION EDP-S 100ML,88300603404.0,347,84.0,13.95,,,0.0,588867.0,secretsales.com (UK),£29.95 £299.50/L,https://www.idealo.co.uk/relocator/relocate?categoryId=3972&offerKey=81c4b5dceaaafc3ec862986d681d2893&offerListId=588867-B79079B38F083163A0770710EE3BDCF4&pos=18&price=29.95&productid=588867&sid=324015&type=offer
01-CK-OBS-PS100,CK OBSESSION EDP-S 100ML,88300603404.0,347,84.0,13.95,,,0.0,588867.0,Tjhughes.co.uk,£30.00 £300.00/L,https://www.idealo.co.uk/relocator/relocate?categoryId=3972&offerKey=e87164a085c91b7054af3e7888c1087b&offerListId=588867-B79079B38F083163A0770710EE3BDCF4&pos=19&price=30.00&productid=588867&sid=28759&type=offer
01-CK-OBS-PS100,CK OBSESSION EDP-S 100ML,88300603404.0,347,84.0,13.95,,,0.0,588867.0,Clearchemist.co.uk,£31.81 £318.10/L,https://www.idealo.co.uk/relocator/relocate?categoryId=3972&offerKey=2636955cf0f0f6a2f7d4edf01502b7a8&offerListId=588867-B79079B38F083163A0770710EE3BDCF4&pos=20&price=31.81&productid=588867&sid=289670&type=offer
01-CK-OBS-PS50,CK OBSESSION EDP-S 50ML,88300603305.0,209,57.0,11.95,,,0.0,588862.0,Clearchemist.co.uk,£17.46 £349.20/L,https://www.idealo.co.uk/relocator/relocate?categoryId=3972&offerKey=e3109d5fc95bfbec30d721baac40404e&offerListId=588862-CCE3202D1F670D6C535C81D8C8D6D8B7&pos=1&price=17.46&productid=588862&sid=289670&type=offer
01-CK-OBS-PS50,CK OBSESSION EDP-S 50ML,88300603305.0,209,57.0,11.95,,,0.0,588862.0,Perfumeclick.co.uk,£19.55 £391.00/L,https://www.idealo.co.uk/relocator/relocate?categoryId=3972&offerKey=8af43cc0c6bd3a87d8fdbd4a62a64372&offerListId=588862-CCE3202D1F670D6C535C81D8C8D6D8B7&pos=2&price=19.55&productid=588862&sid=69736&type=offer
01-CK-OBS-PS50,CK OBSESSION EDP-S 50ML,88300603305.0,209,57.0,11.95,,,0.0,588862.0,cosmetify.com,£20.53 £410.60/L,https://www.idealo.co.uk/relocator/relocate?categoryId=3972&offerKey=b0a24a3c9369ebdfc5af6a2e09c0d32a&offerListId=588862-CCE3202D1F670D6C535C81D8C8D6D8B7&pos=3&price=20.53&productid=588862&sid=329503&type=offer
01-CK-OBS-PS50,CK OBSESSION EDP-S 50ML,88300603305.0,209,57.0,11.95,,,0.0,588862.0,Tjhughes.co.uk,£23.00 £460.00/L,https://www.idealo.co.uk/relocator/relocate?categoryId=3972&offerKey=98ba7fe19713d86d1a348242dc8ce2a6&offerListId=588862-CCE3202D1F670D6C535C81D8C8D6D8B7&pos=4&price=23.00&productid=588862&sid=28759&type=offer
01-CK-OBS-PS50,CK OBSESSION EDP-S 50ML,88300603305.0,209,57.0,11.95,,,0.0,588862.0,secretsales.com (UK),£23.13 £462.60/L,https://www.idealo.co.uk/relocator/relocate?categoryId=3972&offerKey=8a892f61fadba4381536cf9460ae622e&offerListId=588862-CCE3202D1F670D6C535C81D8C8D6D8B7&pos=5&price=23.13&productid=588862&sid=324015&type=offer
01-CK-OBS-PS50,CK OBSESSION EDP-S 50ML,88300603305.0,209,57.0,11.95,,,0.0,588862.0,onbuy.com,£23.29 £465.80/L,https://www.idealo.co.uk/relocator/relocate?categoryId=3972&offerKey=e7092b0a82c0aecde4426d1b55a3314a&offerListId=588862-CCE3202D1F670D6C535C81D8C8D6D8B7&pos=6&price=23.29&productid=588862&sid=316895&type=offer
01-CK-OBS-PS50,CK OBSESSION EDP-S 50ML,88300603305.0,209,57.0,11.95,,,0.0,588862.0,Tjhughes.co.uk,£24.00 £480.00/L,https://www.idealo.co.uk/relocator/relocate?categoryId=3972&offerKey=b89e97dd57c07be9b1b7aa674480d94b&offerListId=588862-CCE3202D1F670D6C535C81D8C8D6D8B7&pos=7&price=24.00&productid=588862&sid=28759&type=offer
01-CK-OBS-PS50,CK OBSESSION EDP-S 50ML,88300603305.0,209,57.0,11.95,,,0.0,588862.0,secretsales.com (UK),£24.10 £482.00/L,https://www.idealo.co.uk/relocator/relocate?categoryId=3972&offerKey=88189d3ecd41008b4e62a9d149e95074&offerListId=588862-CCE3202D1F670D6C535C81D8C8D6D8B7&pos=8&price=24.10&productid=588862&sid=324015&type=offer
01-CK-OBS-PS50,CK OBSESSION EDP-S 50ML,88300603305.0,209,57.0,11.95,,,0.0,588862.0,ebay.co.uk,£24.93 £498.60/L,https://www.idealo.co.uk/relocator/relocate?categoryId=3972&offerKey=861fc7f502e2baacad72114740f189c0&offerListId=588862-CCE3202D1F670D6C535C81D8C8D6D8B7&pos=9&price=24.93&productid=588862&sid=22818&type=offer
01-CK-OBS-PS50,CK OBSESSION EDP-S 50ML,88300603305.0,209,57.0,11.95,,,0.0,588862.0,bodycareonline.co.uk,£24.99 £499.80/L,https://www.idealo.co.uk/relocator/relocate?categoryId=3972&offerKey=eda1e33dca621469c786d666dcc77c20&offerListId=588862-CCE3202D1F670D6C535C81D8C8D6D8B7&pos=10&price=24.99&productid=588862&sid=332851&type=offer
01-CK-OBS-PS50,CK OBSESSION EDP-S 50ML,88300603305.0,209,57.0,11.95,,,0.0,588862.0,onbuy.com,£27.48 £549.60/L,https://www.idealo.co.uk/relocator/relocate?categoryId=3972&offerKey=9bb2b93bac8e51a95ca820d712009d62&offerListId=588862-CCE3202D1F670D6C535C81D8C8D6D8B7&pos=11&price=27.48&productid=588862&sid=316895&type=offer
01-CK-OBS-PS50,CK OBSESSION EDP-S 50ML,88300603305.0,209,57.0,11.95,,,0.0,588862.0,Perfumeshopping.com(UK),£29.97 £599.40/L,https://www.idealo.co.uk/relocator/relocate?categoryId=3972&offerKey=84b024c1c5368c356bd69e50dcd3c60e&offerListId=588862-CCE3202D1F670D6C535C81D8C8D6D8B7&pos=12&price=29.97&productid=588862&sid=282217&type=offer
01-CK-OBS-PS50,CK OBSESSION EDP-S 50ML,88300603305.0,209,57.0,11.95,,,0.0,588862.0,my-origines.com(UK),£32.85 £657.00/L,https://www.idealo.co.uk/relocator/relocate?categoryId=3972&offerKey=38d93662f1f3143ec9cc2d21a2c080c4&offerListId=588862-CCE3202D1F670D6C535C81D8C8D6D8B7&pos=13&price=32.85&productid=588862&sid=328503&type=offer
01-CK-OBS-PS50,CK OBSESSION EDP-S 50ML,88300603305.0,209,57.0,11.95,,,0.0,588862.0,notino.co.uk,£33.00 £660.00/L,https://www.idealo.co.uk/relocator/relocate?categoryId=3972&offerKey=8d78fc2a5deef19845fa66e1457fff79&offerListId=588862-CCE3202D1F670D6C535C81D8C8D6D8B7&pos=14&price=33.00&productid=588862&sid=307734&type=offer
01-CK-OBS-PS50,CK OBSESSION EDP-S 50ML,88300603305.0,209,57.0,11.95,,,0.0,588862.0,parfumdreams.co.uk,£38.67 £773.40/L,https://www.idealo.co.uk/relocator/relocate?categoryId=3972&offerKey=d1863b394c01c03285d57290c46b2d7c&offerListId=588862-CCE3202D1F670D6C535C81D8C8D6D8B7&pos=15&price=38.67&productid=588862&sid=316458&type=offer
01-CK-OBS-PS50,CK OBSESSION EDP-S 50ML,88300603305.0,209,57.0,11.95,,,0.0,588862.0,Expresschemist.co.uk,£49.95 £999.00/L,https://www.idealo.co.uk/relocator/relocate?categoryId=3972&offerKey=212d431dd55e2db04c1147a711c51c88&offerListId=588862-CCE3202D1F670D6C535C81D8C8D6D8B7&pos=16&price=49.95&productid=588862&sid=22167&type=offer
01-CK-ONE-TS100-UK,CK ONE EDT-S 100ML,88300107407.0,1000+,55.0,13.95,,,0.0,609169.0,,£20.83 £208.30/L,https://www.idealo.co.uk/relocator/relocate?categoryId=16252&offerKey=ddc2d67a6d94408dcb5fd943a5d9ad61&offerListId=609169-85AA030CCBB962E44D005ADB26C140A5&pos=1&price=20.83&productid=609169&sid=307734&type=offer
01-CK-ONE-TS100-UK,CK ONE EDT-S 100ML,88300107407.0,1000+,55.0,13.95,,,0.0,609169.0,ebay.co.uk,£21.98 £219.80/L,https://www.idealo.co.uk/relocator/relocate?categoryId=16252&offerKey=57dc4a93e9e81b4c61add631b96b9b98&offerListId=609169-85AA030CCBB962E44D005ADB26C140A5&pos=2&price=21.98&productid=609169&sid=22818&type=offer
01-CK-ONE-TS100-UK,CK ONE EDT-S 100ML,88300107407.0,1000+,55.0,13.95,,,0.0,609169.0,onbuy.com,£22.22 £222.20/L,https://www.idealo.co.uk/relocator/relocate?categoryId=16252&offerKey=0c2326df5e6805d31eeaa5fbf912ab9a&offerListId=609169-85AA030CCBB962E44D005ADB26C140A5&pos=3&price=22.22&productid=609169&sid=316895&type=offer
01-CK-ONE-TS100-UK,CK ONE EDT-S 100ML,88300107407.0,1000+,55.0,13.95,,,0.0,609169.0,cosmetify.com,£22.99 £229.90/L,https://www.idealo.co.uk/relocator/relocate?categoryId=16252&offerKey=6e5ac0f61a06bddb975a5148f33829cb&offerListId=609169-85AA030CCBB962E44D005ADB26C140A5&pos=4&price=22.99&productid=609169&sid=329503&type=offer
01-CK-ONE-TS100-UK,CK ONE EDT-S 100ML,88300107407.0,1000+,55.0,13.95,,,0.0,609169.0,perfumedirect.com,£22.99 £229.90/L,https://www.idealo.co.uk/relocator/relocate?categoryId=16252&offerKey=06d12ed529f25ffe1d74eb86b02a17a2&offerListId=609169-85AA030CCBB962E44D005ADB26C140A5&pos=5&price=22.99&productid=609169&sid=318630&type=offer
01-CK-ONE-TS100-UK,CK ONE EDT-S 100ML,88300107407.0,1000+,55.0,13.95,,,0.0,609169.0,my-origines.com(UK),£23.19 £231.90/L,https://www.idealo.co.uk/relocator/relocate?categoryId=16252&offerKey=060d9ab4a7bfdb3b575b738aa02939d9&offerListId=609169-85AA030CCBB962E44D005ADB26C140A5&pos=6&price=23.19&productid=609169&sid=328503&type=offer
01-CK-ONE-TS100-UK,CK ONE EDT-S 100ML,88300107407.0,1000+,55.0,13.95,,,0.0,609169.0,beautybase.com(UK),£25.00 £250.00/L,https://www.idealo.co.uk/relocator/relocate?categoryId=16252&offerKey=922ea4defbd64fac84d4d9840fae70ee&offerListId=609169-85AA030CCBB962E44D005ADB26C140A5&pos=7&price=25.00&productid=609169&sid=299115&type=offer
01-CK-ONE-TS100-UK,CK ONE EDT-S 100ML,88300107407.0,1000+,55.0,13.95,,,0.0,609169.0,onbuy.com,£25.25 £252.50/L,https://www.idealo.co.uk/relocator/relocate?categoryId=16252&offerKey=e83ab4ef3723add232d8a4d166b8a1d9&offerListId=609169-85AA030CCBB962E44D005ADB26C140A5&pos=8&price=25.25&productid=609169&sid=316895&type=offer
01-CK-ONE-TS100-UK,CK ONE EDT-S 100ML,88300107407.0,1000+,55.0,13.95,,,0.0,609169.0,secretsales.com (UK),£26.44 £264.40/L,https://www.idealo.co.uk/relocator/relocate?categoryId=16252&offerKey=76fa3b59b6ccb7c9181db3b5390059c3&offerListId=609169-85AA030CCBB962E44D005ADB26C140A5&pos=9&price=26.44&productid=609169&sid=324015&type=offer
01-CK-ONE-TS100-UK,CK ONE EDT-S 100ML,88300107407.0,1000+,55.0,13.95,,,0.0,609169.0,Perfumeshopping.com(UK),£26.66 £266.60/L,https://www.idealo.co.uk/relocator/relocate?categoryId=16252&offerKey=e78851755521fc8a14f338073825891e&offerListId=609169-85AA030CCBB962E44D005ADB26C140A5&pos=10&price=26.66&productid=609169&sid=282217&type=offer
01-CK-ONE-TS100-UK,CK ONE EDT-S 100ML,88300107407.0,1000+,55.0,13.95,,,0.0,609169.0,parfumdreams.co.uk,£26.96 £269.60/L,https://www.idealo.co.uk/relocator/relocate?categoryId=16252&offerKey=48d18cf06efb6a5991c090fad6c2c2ec&offerListId=609169-85AA030CCBB962E44D005ADB26C140A5&pos=11&price=26.96&productid=609169&sid=316458&type=offer
01-CK-ONE-TS100-UK,CK ONE EDT-S 100ML,88300107407.0,1000+,55.0,13.95,,,0.0,609169.0,studio.co.uk,£26.99 £269.90/L,https://www.idealo.co.uk/relocator/relocate?categoryId=16252&offerKey=83ab3c362b26b2f18bf8f3f9fbf45d5b&offerListId=609169-85AA030CCBB962E44D005ADB26C140A5&pos=12&price=26.99&productid=609169&sid=25953&type=offer
01-CK-ONE-TS100-UK,CK ONE EDT-S 100ML,88300107407.0,1000+,55.0,13.95,,,0.0,609169.0,flannels.com,£26.99 £269.90/L,https://www.idealo.co.uk/relocator/relocate?categoryId=16252&offerKey=7090565019af31fa3ae38008fbe1d3f5&offerListId=609169-85AA030CCBB962E44D005ADB26C140A5&pos=13&price=26.99&productid=609169&sid=329528&type=offer
01-CK-ONE-TS100-UK,CK ONE EDT-S 100ML,88300107407.0,1000+,55.0,13.95,,,0.0,609169.0,Tjhughes.co.uk,£27.00 £270.00/L,https://www.idealo.co.uk/relocator/relocate?categoryId=16252&offerKey=854605cabef9e3b8265f402a74d0abdc&offerListId=609169-85AA030CCBB962E44D005ADB26C140A5&pos=14&price=27.00&productid=609169&sid=28759&type=offer
01-CK-ONE-TS100-UK,CK ONE EDT-S 100ML,88300107407.0,1000+,55.0,13.95,,,0.0,609169.0,Lookfantastic.com (UK),£27.50 £275.00/L,https://www.idealo.co.uk/relocator/relocate?categoryId=16252&offerKey=47aa3b268b4cfed48cd055ae2e0a2957&offerListId=609169-85AA030CCBB962E44D005ADB26C140A5&pos=15&price=27.50&productid=609169&sid=24416&type=offer
01-CK-ONE-TS100-UK,CK ONE EDT-S 100ML,88300107407.0,1000+,55.0,13.95,,,0.0,609169.0,Pharmacy2u.co.uk,£27.50 £275.00/L,https://www.idealo.co.uk/relocator/relocate?categoryId=16252&offerKey=00e6e344f061b5b0a14b9aa34e396c3a&offerListId=609169-85AA030CCBB962E44D005ADB26C140A5&pos=16&price=27.50&productid=609169&sid=25468&type=offer
01-CK-ONE-TS100-UK,CK ONE EDT-S 100ML,88300107407.0,1000+,55.0,13.95,,,0.0,609169.0,Thefragrancecounter.com (UK),£27.95 £279.50/L,https://www.idealo.co.uk/relocator/relocate?categoryId=16252&offerKey=9b3cd220322561871663589e2fdc494e&offerListId=609169-85AA030CCBB962E44D005ADB26C140A5&pos=17&price=27.95&productid=609169&sid=299378&type=offer
01-CK-ONE-TS100-UK,CK ONE EDT-S 100ML,88300107407.0,1000+,55.0,13.95,,,0.0,609169.0,Dressinn.com (UK),£27.99 £279.90/L,https://www.idealo.co.uk/relocator/relocate?categoryId=16252&offerKey=a5d75c5046d11ca5356792ec36916902&offerListId=609169-85AA030CCBB962E44D005ADB26C140A5&pos=18&price=27.99&productid=609169&sid=318629&type=offer
01-CK-ONE-TS100-UK,CK ONE EDT-S 100ML,88300107407.0,1000+,55.0,13.95,,,0.0,609169.0,Expresschemist.co.uk,£29.99 £299.90/L,https://www.idealo.co.uk/relocator/relocate?categoryId=16252&offerKey=41732627896f8d9ccdcc0b8005233cc5&offerListId=609169-85AA030CCBB962E44D005ADB26C140A5&pos=19&price=29.99&productid=609169&sid=22167&type=offer
01-CK-ONE-TS100-UK,CK ONE EDT-S 100ML,88300107407.0,1000+,55.0,13.95,,,0.0,609169.0,debenhams.com,£30.00 £300.00/L,https://www.idealo.co.uk/relocator/relocate?categoryId=16252&offerKey=e854c7f346a38f3eb016f10c39f8c6e0&offerListId=609169-85AA030CCBB962E44D005ADB26C140A5&pos=20&price=30.00&productid=609169&sid=324109&type=offer
01-CQ-ARO-BS200,CLINIQUE AROMATICS BODY SMOOTHER 200ML,20714012786.0,1000+,42.0,12.75,,,0.0,589121.0,Perfumeclick.co.uk,£21.80 £109.00/L,https://www.idealo.co.uk/relocator/relocate?categoryId=10852&offerKey=dac063df0d0af388a714f1292821b0ad&offerListId=589121-0F5DB423BE0C4C4933071CFC1AFD1522&pos=1&price=21.80&productid=589121&sid=69736&type=offer
01-CQ-ARO-BS200,CLINIQUE AROMATICS BODY SMOOTHER 200ML,20714012786.0,1000+,42.0,12.75,,,0.0,589121.0,ebay.co.uk,£21.95 £109.75/L,https://www.idealo.co.uk/relocator/relocate?categoryId=10852&offerKey=c7455f89d8f530144cb5279211557b83&offerListId=589121-0F5DB423BE0C4C4933071CFC1AFD1522&pos=2&price=21.95&productid=589121&sid=22818&type=offer
01-CQ-ARO-BS200,CLINIQUE AROMATICS BODY SMOOTHER 200ML,20714012786.0,1000+,42.0,12.75,,,0.0,589121.0,Amazon-marketplace.co.uk,£21.97 £109.85/L,https://www.idealo.co.uk/relocator/relocate?categoryId=10852&offerKey=30381d78526c8c15bfc90f3d80c67319&offerListId=589121-0F5DB423BE0C4C4933071CFC1AFD1522&pos=3&price=21.97&productid=589121&sid=22828&type=offer
01-CQ-ARO-BS200,CLINIQUE AROMATICS BODY SMOOTHER 200ML,20714012786.0,1000+,42.0,12.75,,,0.0,589121.0,cosmetify.com,£22.89 £114.45/L,https://www.idealo.co.uk/relocator/relocate?categoryId=10852&offerKey=cee7a6e2bebd9d1b4d2fd8cdf7bdd172&offerListId=589121-0F5DB423BE0C4C4933071CFC1AFD1522&pos=4&price=22.89&productid=589121&sid=329503&type=offer
01-CQ-ARO-BS200,CLINIQUE AROMATICS BODY SMOOTHER 200ML,20714012786.0,1000+,42.0,12.75,,,0.0,589121.0,onbuy.com,£22.99 £114.95/L,https://www.idealo.co.uk/relocator/relocate?categoryId=10852&offerKey=3eb814d6cd01e215df72d04ace17a70f&offerListId=589121-0F5DB423BE0C4C4933071CFC1AFD1522&pos=5&price=22.99&productid=589121&sid=316895&type=offer
01-CQ-ARO-BS200,CLINIQUE AROMATICS BODY SMOOTHER 200ML,20714012786.0,1000+,42.0,12.75,,,0.0,589121.0,onbuy.com,£23.49 £117.45/L,https://www.idealo.co.uk/relocator/relocate?categoryId=10852&offerKey=29fe9c36016063b10d1684f6ccadd2fc&offerListId=589121-0F5DB423BE0C4C4933071CFC1AFD1522&pos=6&price=23.49&productid=589121&sid=316895&type=offer
01-CQ-ARO-BS200,CLINIQUE AROMATICS BODY SMOOTHER 200ML,20714012786.0,1000+,42.0,12.75,,,0.0,589121.0,onbuy.com,£23.99 £119.95/L,https://www.idealo.co.uk/relocator/relocate?categoryId=10852&offerKey=e8cdec14892f17b77b4a7f735ccd2d7d&offerListId=589121-0F5DB423BE0C4C4933071CFC1AFD1522&pos=7&price=23.99&productid=589121&sid=316895&type=offer
01-CQ-ARO-BS200,CLINIQUE AROMATICS BODY SMOOTHER 200ML,20714012786.0,1000+,42.0,12.75,,,0.0,589121.0,,£24.82 £124.10/L,https://www.idealo.co.uk/relocator/relocate?categoryId=10852&offerKey=eb2118fb70b668e0ff92dcf82c0a66e7&offerListId=589121-0F5DB423BE0C4C4933071CFC1AFD1522&pos=8&price=24.82&productid=589121&sid=307734&type=offer
01-CQ-ARO-BS200,CLINIQUE AROMATICS BODY SMOOTHER 200ML,20714012786.0,1000+,42.0,12.75,,,0.0,589121.0,groupon.co.uk,£24.98 £124.90/L,https://www.idealo.co.uk/relocator/relocate?categoryId=10852&offerKey=66affc4aecb1bed2519d6a2fa5698b19&offerListId=589121-0F5DB423BE0C4C4933071CFC1AFD1522&pos=9&price=24.98&productid=589121&sid=313205&type=offer
01-CQ-ARO-BS200,CLINIQUE AROMATICS BODY SMOOTHER 200ML,20714012786.0,1000+,42.0,12.75,,,0.0,589121.0,perfumedirect.com,£24.99 £124.95/L,https://www.idealo.co.uk/relocator/relocate?categoryId=10852&offerKey=b79463831d0af5a58df661ab6c64219f&offerListId=589121-0F5DB423BE0C4C4933071CFC1AFD1522&pos=10&price=24.99&productid=589121&sid=318630&type=offer
01-CQ-ARO-BS200,CLINIQUE AROMATICS BODY SMOOTHER 200ML,20714012786.0,1000+,42.0,12.75,,,0.0,589121.0,allbeauty.com(UK),£27.25 £136.25/L,https://www.idealo.co.uk/relocator/relocate?categoryId=10852&offerKey=78c0906c2a0ac68704e85a182512826e&offerListId=589121-0F5DB423BE0C4C4933071CFC1AFD1522&pos=11&price=27.25&productid=589121&sid=28942&type=offer
01-CQ-ARO-BS200,CLINIQUE AROMATICS BODY SMOOTHER 200ML,20714012786.0,1000+,42.0,12.75,,,0.0,589121.0,parfumdreams.co.uk,£27.30 £136.50/L,https://www.idealo.co.uk/relocator/relocate?categoryId=10852&offerKey=bb3d269bb4ff88247816122be1d89785&offerListId=589121-0F5DB423BE0C4C4933071CFC1AFD1522&pos=12&price=27.30&productid=589121&sid=316458&type=offer
01-CQ-ARO-BS200,CLINIQUE AROMATICS BODY SMOOTHER 200ML,20714012786.0,1000+,42.0,12.75,,,0.0,589121.0,Dressinn.com (UK),£27.99 £139.95/L,https://www.idealo.co.uk/relocator/relocate?categoryId=10852&offerKey=4d6a6566f5196d55be1ee237843c5503&offerListId=589121-0F5DB423BE0C4C4933071CFC1AFD1522&pos=13&price=27.99&productid=589121&sid=318629&type=offer
01-CQ-ARO-BS200,CLINIQUE AROMATICS BODY SMOOTHER 200ML,20714012786.0,1000+,42.0,12.75,,,0.0,589121.0,my-origines.com(UK),£28.74 £143.70/L,https://www.idealo.co.uk/relocator/relocate?categoryId=10852&offerKey=cb57eeb6738d2a3d46272a5a06c37e1f&offerListId=589121-0F5DB423BE0C4C4933071CFC1AFD1522&pos=14&price=28.74&productid=589121&sid=328503&type=offer
01-CQ-ARO-BS200,CLINIQUE AROMATICS BODY SMOOTHER 200ML,20714012786.0,1000+,42.0,12.75,,,0.0,589121.0,Fragrancedirect.co.uk,£34.00 £170.00/L,https://www.idealo.co.uk/relocator/relocate?categoryId=10852&offerKey=adf2e62085b33cb69e567e41549b7189&offerListId=589121-0F5DB423BE0C4C4933071CFC1AFD1522&pos=15&price=34.00&productid=589121&sid=21971&type=offer
01-CQ-ARO-BS200,CLINIQUE AROMATICS BODY SMOOTHER 200ML,20714012786.0,1000+,42.0,12.75,,,0.0,589121.0,amazon.co.uk,£37.80 £189.00/L,https://www.idealo.co.uk/relocator/relocate?categoryId=10852&offerKey=e0714241045c817e8b0f6edf74316917&offerListId=589121-0F5DB423BE0C4C4933071CFC1AFD1522&pos=16&price=37.80&productid=589121&sid=12004&type=offer
01-CQ-ARO-BS200,CLINIQUE AROMATICS BODY SMOOTHER 200ML,20714012786.0,1000+,42.0,12.75,,,0.0,589121.0,johnlewis.com,£37.80 £189.00/L,https://www.idealo.co.uk/relocator/relocate?categoryId=10852&offerKey=8aee794ae9dcb1737810a7fb773f718a&offerListId=589121-0F5DB423BE0C4C4933071CFC1AFD1522&pos=17&price=37.80&productid=589121&sid=22280&type=offer
01-CQ-ARO-BS200,CLINIQUE AROMATICS BODY SMOOTHER 200ML,20714012786.0,1000+,42.0,12.75,,,0.0,589121.0,Boots.com (UK),£37.80 £189.00/L,https://www.idealo.co.uk/relocator/relocate?categoryId=10852&offerKey=c072cbc4880c3e756dd39830ae822d8e&offerListId=589121-0F5DB423BE0C4C4933071CFC1AFD1522&pos=18&price=37.80&productid=589121&sid=27286&type=offer
01-CQ-ARO-BS200,CLINIQUE AROMATICS BODY SMOOTHER 200ML,20714012786.0,1000+,42.0,12.75,,,0.0,589121.0,unineed.com,£39.99 £199.95/L,https://www.idealo.co.uk/relocator/relocate?categoryId=10852&offerKey=0bcf2f23287da74016e42e262e8816f8&offerListId=589121-0F5DB423BE0C4C4933071CFC1AFD1522&pos=19&price=39.99&productid=589121&sid=314440&type=offer
01-CQ-ARO-BS200,CLINIQUE AROMATICS BODY SMOOTHER 200ML,20714012786.0,1000+,42.0,12.75,,,0.0,589121.0,sephora.co.uk,£42.00 £210.00/L,https://www.idealo.co.uk/relocator/relocate?categoryId=10852&offerKey=41ce03111ff631e34022347360a5b496&offerListId=589121-0F5DB423BE0C4C4933071CFC1AFD1522&pos=20&price=42.00&productid=589121&sid=27998&type=offer
01-CQ-ARO-PS25,CLINIQUE AROMATICS ELIXIR EDP-S 25ML,20714005887.0,1000+,45.0,8.25,,,0.0,325098.0,Perfumeclick.co.uk,£14.35 £574.00/L,https://www.idealo.co.uk/relocator/relocate?categoryId=3972&offerKey=ecc3428f9d9403f4d604a1262f465347&offerListId=325098-FA1A1EA1BF20349692242231FCB3144F&pos=1&price=14.35&productid=325098&sid=69736&type=offer
01-CQ-ARO-PS25,CLINIQUE AROMATICS ELIXIR EDP-S 25ML,20714005887.0,1000+,45.0,8.25,,,0.0,325098.0,amazon.co.uk,£14.95 £598.00/L,https://www.idealo.co.uk/relocator/relocate?categoryId=3972&offerKey=670c46e4f96e336be5426da17c79242f&offerListId=325098-FA1A1EA1BF20349692242231FCB3144F&pos=2&price=14.95&productid=325098&sid=12004&type=offer
01-CQ-ARO-PS25,CLINIQUE AROMATICS ELIXIR EDP-S 25ML,20714005887.0,1000+,45.0,8.25,,,0.0,325098.0,Amazon-marketplace.co.uk,£14.95 £598.00/L,https://www.idealo.co.uk/relocator/relocate?categoryId=3972&offerKey=bb24316d0d6c7566a0c43f91e0818c70&offerListId=325098-FA1A1EA1BF20349692242231FCB3144F&pos=3&price=14.95&productid=325098&sid=22828&type=offer
01-CQ-ARO-PS25,CLINIQUE AROMATICS ELIXIR EDP-S 25ML,20714005887.0,1000+,45.0,8.25,,,0.0,325098.0,allbeauty.com(UK),£14.95 £598.00/L,https://www.idealo.co.uk/relocator/relocate?categoryId=3972&offerKey=7db9fc571bd12943bc2492c7bf4c975f&offerListId=325098-FA1A1EA1BF20349692242231FCB3144F&pos=4&price=14.95&productid=325098&sid=28942&type=offer
01-CQ-ARO-PS25,CLINIQUE AROMATICS ELIXIR EDP-S 25ML,20714005887.0,1000+,45.0,8.25,,,0.0,325098.0,cosmetify.com,£15.07 £602.80/L,https://www.idealo.co.uk/relocator/relocate?categoryId=3972&offerKey=08c22453393357cb6fa21ea27294fbfc&offerListId=325098-FA1A1EA1BF20349692242231FCB3144F&pos=5&price=15.07&productid=325098&sid=329503&type=offer
01-CQ-ARO-PS25,CLINIQUE AROMATICS ELIXIR EDP-S 25ML,20714005887.0,1000+,45.0,8.25,,,0.0,325098.0,ebay.co.uk,£15.65 £626.00/L,https://www.idealo.co.uk/relocator/relocate?categoryId=3972&offerKey=fd2f3238ac322fd4282adefc15a5fcce&offerListId=325098-FA1A1EA1BF20349692242231FCB3144F&pos=6&price=15.65&productid=325098&sid=22818&type=offer
01-CQ-ARO-PS25,CLINIQUE AROMATICS ELIXIR EDP-S 25ML,20714005887.0,1000+,45.0,8.25,,,0.0,325098.0,beautybase.com(UK),£17.95 £718.00/L,https://www.idealo.co.uk/relocator/relocate?categoryId=3972&offerKey=67d9a26679bf8f855f1413436eee2dc9&offerListId=325098-FA1A1EA1BF20349692242231FCB3144F&pos=7&price=17.95&productid=325098&sid=299115&type=offer
01-CQ-ARO-PS25,CLINIQUE AROMATICS ELIXIR EDP-S 25ML,20714005887.0,1000+,45.0,8.25,,,0.0,325098.0,perfumedirect.com,£17.99 £719.60/L,https://www.idealo.co.uk/relocator/relocate?categoryId=3972&offerKey=4eab4095209a89cd458856f1934057a1&offerListId=325098-FA1A1EA1BF20349692242231FCB3144F&pos=8&price=17.99&productid=325098&sid=318630&type=offer
01-CQ-ARO-PS25,CLINIQUE AROMATICS ELIXIR EDP-S 25ML,20714005887.0,1000+,45.0,8.25,,,0.0,325098.0,secretsales.com (UK),£18.41 £736.40/L,https://www.idealo.co.uk/relocator/relocate?categoryId=3972&offerKey=74d3c4de61d4b55af60199080f2764bb&offerListId=325098-FA1A1EA1BF20349692242231FCB3144F&pos=9&price=18.41&productid=325098&sid=324015&type=offer
01-CQ-ARO-PS25,CLINIQUE AROMATICS ELIXIR EDP-S 25ML,20714005887.0,1000+,45.0,8.25,,,0.0,325098.0,groupon.co.uk,£18.99 £759.60/L,https://www.idealo.co.uk/relocator/relocate?categoryId=3972&offerKey=cc9e3a616cdf223e10ca87f3f8489d29&offerListId=325098-FA1A1EA1BF20349692242231FCB3144F&pos=10&price=18.99&productid=325098&sid=313205&type=offer
01-CQ-ARO-PS25,CLINIQUE AROMATICS ELIXIR EDP-S 25ML,20714005887.0,1000+,45.0,8.25,,,0.0,325098.0,bodycareonline.co.uk,£21.99 £879.60/L,https://www.idealo.co.uk/relocator/relocate?categoryId=3972&offerKey=99c5179f29578bf1a99a30199fc75900&offerListId=325098-FA1A1EA1BF20349692242231FCB3144F&pos=11&price=21.99&productid=325098&sid=332851&type=offer
01-CQ-ARO-PS25,CLINIQUE AROMATICS ELIXIR EDP-S 25ML,20714005887.0,1000+,45.0,8.25,,,0.0,325098.0,unineed.com,£21.99 £879.60/L,https://www.idealo.co.uk/relocator/relocate?categoryId=3972&offerKey=25546d80a3821d44a11bd099db869990&offerListId=325098-FA1A1EA1BF20349692242231FCB3144F&pos=12&price=21.99&productid=325098&sid=314440&type=offer
01-CQ-ARO-PS25,CLINIQUE AROMATICS ELIXIR EDP-S 25ML,20714005887.0,1000+,45.0,8.25,,,0.0,325098.0,Dressinn.com (UK),£24.49 £979.60/L,https://www.idealo.co.uk/relocator/relocate?categoryId=3972&offerKey=5485f3891a22f7ec7cbb1b1d7d178543&offerListId=325098-FA1A1EA1BF20349692242231FCB3144F&pos=13&price=24.49&productid=325098&sid=318629&type=offer
01-CQ-ARO-PS45,CLINIQUE AROMATICS ELIXIR EDP-S 45ML,20714001940.0,1000+,59.0,11.5,,,0.0,589127.0,Clearchemist.co.uk,£16.80 £373.33/L,https://www.idealo.co.uk/relocator/relocate?categoryId=3972&offerKey=6cbceb74141ae6662605c8aa0e64e897&offerListId=589127-08FB147B6C44FE392C9101B4D10DFCD9&pos=1&price=16.80&productid=589127&sid=289670&type=offer
01-CQ-ARO-PS45,CLINIQUE AROMATICS ELIXIR EDP-S 45ML,20714001940.0,1000+,59.0,11.5,,,0.0,589127.0,ebay.co.uk,£19.94 £443.11/L,https://www.idealo.co.uk/relocator/relocate?categoryId=3972&offerKey=e2760c8a334ffb15623972cbc632fed4&offerListId=589127-08FB147B6C44FE392C9101B4D10DFCD9&pos=2&price=19.94&productid=589127&sid=22818&type=offer
01-CQ-ARO-PS45,CLINIQUE AROMATICS ELIXIR EDP-S 45ML,20714001940.0,1000+,59.0,11.5,,,0.0,589127.0,perfumeprice.co.uk,£19.95 £443.33/L,https://www.idealo.co.uk/relocator/relocate?categoryId=3972&offerKey=079224efbff24e44a6e9b8a5b1c6e0dd&offerListId=589127-08FB147B6C44FE392C9101B4D10DFCD9&pos=3&price=19.95&productid=589127&sid=321700&type=offer
01-CQ-ARO-PS45,CLINIQUE AROMATICS ELIXIR EDP-S 45ML,20714001940.0,1000+,59.0,11.5,,,0.0,589127.0,beautybase.com(UK),£19.95 £443.33/L,https://www.idealo.co.uk/relocator/relocate?categoryId=3972&offerKey=2d006d72a521075566d1f61469a93cde&offerListId=589127-08FB147B6C44FE392C9101B4D10DFCD9&pos=4&price=19.95&productid=589127&sid=299115&type=offer
01-CQ-ARO-PS45,CLINIQUE AROMATICS ELIXIR EDP-S 45ML,20714001940.0,1000+,59.0,11.5,,,0.0,589127.0,Amazon-marketplace.co.uk,£20.00 £444.44/L,https://www.idealo.co.uk/relocator/relocate?categoryId=3972&offerKey=1ba313362c64628d00e1dc8564e5edfa&offerListId=589127-08FB147B6C44FE392C9101B4D10DFCD9&pos=5&price=20.00&productid=589127&sid=22828&type=offer
01-CQ-ARO-PS45,CLINIQUE AROMATICS ELIXIR EDP-S 45ML,20714001940.0,1000+,59.0,11.5,,,0.0,589127.0,cosmetify.com,£20.32 £451.56/L,https://www.idealo.co.uk/relocator/relocate?categoryId=3972&offerKey=ec09c3a955cccf52c9742fabe41d5779&offerListId=589127-08FB147B6C44FE392C9101B4D10DFCD9&pos=6&price=20.32&productid=589127&sid=329503&type=offer
01-CQ-ARO-PS45,CLINIQUE AROMATICS ELIXIR EDP-S 45ML,20714001940.0,1000+,59.0,11.5,,,0.0,589127.0,amazon.co.uk,£20.95 £465.56/L,https://www.idealo.co.uk/relocator/relocate?categoryId=3972&offerKey=b19593c8d96882051f936a657872e044&offerListId=589127-08FB147B6C44FE392C9101B4D10DFCD9&pos=7&price=20.95&productid=589127&sid=12004&type=offer
01-CQ-ARO-PS45,CLINIQUE AROMATICS ELIXIR EDP-S 45ML,20714001940.0,1000+,59.0,11.5,,,0.0,589127.0,allbeauty.com(UK),£20.95 £465.56/L,https://www.idealo.co.uk/relocator/relocate?categoryId=3972&offerKey=1f3512697a96a6373aebe2da12e37877&offerListId=589127-08FB147B6C44FE392C9101B4D10DFCD9&pos=8&price=20.95&productid=589127&sid=28942&type=offer
01-CQ-ARO-PS45,CLINIQUE AROMATICS ELIXIR EDP-S 45ML,20714001940.0,1000+,59.0,11.5,,,0.0,589127.0,onbuy.com,£21.95 £487.78/L,https://www.idealo.co.uk/relocator/relocate?categoryId=3972&offerKey=45d8fe7930d69f50df541d57a9a33b65&offerListId=589127-08FB147B6C44FE392C9101B4D10DFCD9&pos=9&price=21.95&productid=589127&sid=316895&type=offer
01-CQ-ARO-PS45,CLINIQUE AROMATICS ELIXIR EDP-S 45ML,20714001940.0,1000+,59.0,11.5,,,0.0,589127.0,perfumedirect.com,£21.99 £488.67/L,https://www.idealo.co.uk/relocator/relocate?categoryId=3972&offerKey=0b30c4445b7144bd545783e317d93f74&offerListId=589127-08FB147B6C44FE392C9101B4D10DFCD9&pos=10&price=21.99&productid=589127&sid=318630&type=offer
01-CQ-ARO-PS45,CLINIQUE AROMATICS ELIXIR EDP-S 45ML,20714001940.0,1000+,59.0,11.5,,,0.0,589127.0,secretsales.com (UK),£22.74 £505.33/L,https://www.idealo.co.uk/relocator/relocate?categoryId=3972&offerKey=71b4d4442631a7c26a23b81a92a91e12&offerListId=589127-08FB147B6C44FE392C9101B4D10DFCD9&pos=11&price=22.74&productid=589127&sid=324015&type=offer
01-CQ-ARO-PS45,CLINIQUE AROMATICS ELIXIR EDP-S 45ML,20714001940.0,1000+,59.0,11.5,,,0.0,589127.0,groupon.co.uk,£23.90 £531.11/L,https://www.idealo.co.uk/relocator/relocate?categoryId=3972&offerKey=843b89ecd2664f3d3a9b43401770c705&offerListId=589127-08FB147B6C44FE392C9101B4D10DFCD9&pos=12&price=23.90&productid=589127&sid=313205&type=offer
01-CQ-ARO-PS45,CLINIQUE AROMATICS ELIXIR EDP-S 45ML,20714001940.0,1000+,59.0,11.5,,,0.0,589127.0,Dressinn.com (UK),£30.99 £688.67/L,https://www.idealo.co.uk/relocator/relocate?categoryId=3972&offerKey=44c496b6210ee822dbe0b693ff4302e2&offerListId=589127-08FB147B6C44FE392C9101B4D10DFCD9&pos=13&price=30.99&productid=589127&sid=318629&type=offer
01-CQ-ARO-PS45,CLINIQUE AROMATICS ELIXIR EDP-S 45ML,20714001940.0,1000+,59.0,11.5,,,0.0,589127.0,argos.co.uk,£35.00 £777.78/L,https://www.idealo.co.uk/relocator/relocate?categoryId=3972&offerKey=2313ca7ca5a72b9aab3bd876e645e9d3&offerListId=589127-08FB147B6C44FE392C9101B4D10DFCD9&pos=14&price=35.00&productid=589127&sid=320560&type=offer
01-CQ-ARO-PS45,CLINIQUE AROMATICS ELIXIR EDP-S 45ML,20714001940.0,1000+,59.0,11.5,,,0.0,589127.0,bodycareonline.co.uk,£39.99 £888.67/L,https://www.idealo.co.uk/relocator/relocate?categoryId=3972&offerKey=3bc1b12a679e987206b373733779d546&offerListId=589127-08FB147B6C44FE392C9101B4D10DFCD9&pos=15&price=39.99&productid=589127&sid=332851&type=offer
01-CQ-ARO-PS45,CLINIQUE AROMATICS ELIXIR EDP-S 45ML,20714001940.0,1000+,59.0,11.5,,,0.0,589127.0,Expresschemist.co.uk,£42.00 £933.33/L,https://www.idealo.co.uk/relocator/relocate?categoryId=3972&offerKey=5a2b56729f6f572beed75f351a4f4199&offerListId=589127-08FB147B6C44FE392C9101B4D10DFCD9&pos=16&price=42.00&productid=589127&sid=22167&type=offer
01-CQ-HAP-PS30,CLINIQUE HAPPY EDP-S 30ML,20714997298.0,1000+,39.0,7.5,,,0.0,325073.0,Pharmacy2u.co.uk,£11.70 £390.00/L,https://www.idealo.co.uk/relocator/relocate?categoryId=3972&offerKey=fdc4334db8e035b43ecccdb5504b4cb8&offerListId=325073-3ECFFBF173EFAD7151E0230838968815&pos=1&price=11.70&productid=325073&sid=25468&type=offer
01-CQ-HAP-PS30,CLINIQUE HAPPY EDP-S 30ML,20714997298.0,1000+,39.0,7.5,,,0.0,325073.0,ebay.co.uk,£12.73 £424.33/L,https://www.idealo.co.uk/relocator/relocate?categoryId=3972&offerKey=eca1aa1a9f1acbc188a514670d542087&offerListId=325073-3ECFFBF173EFAD7151E0230838968815&pos=2&price=12.73&productid=325073&sid=22818&type=offer
01-CQ-HAP-PS30,CLINIQUE HAPPY EDP-S 30ML,20714997298.0,1000+,39.0,7.5,,,0.0,325073.0,beautybase.com(UK),£12.99 £433.00/L,https://www.idealo.co.uk/relocator/relocate?categoryId=3972&offerKey=ab3b8be35fae9ca8287d2cccf8737374&offerListId=325073-3ECFFBF173EFAD7151E0230838968815&pos=3&price=12.99&productid=325073&sid=299115&type=offer
01-CQ-HAP-PS30,CLINIQUE HAPPY EDP-S 30ML,20714997298.0,1000+,39.0,7.5,,,0.0,325073.0,Perfumeclick.co.uk,£13.15 £438.33/L,https://www.idealo.co.uk/relocator/relocate?categoryId=3972&offerKey=f8927751613d35cd2f81975da3d28f13&offerListId=325073-3ECFFBF173EFAD7151E0230838968815&pos=4&price=13.15&productid=325073&sid=69736&type=offer
01-CQ-HAP-PS30,CLINIQUE HAPPY EDP-S 30ML,20714997298.0,1000+,39.0,7.5,,,0.0,325073.0,cosmetify.com,£13.81 £460.33/L,https://www.idealo.co.uk/relocator/relocate?categoryId=3972&offerKey=d99e698bd19d5d635c72b24c00c9c72b&offerListId=325073-3ECFFBF173EFAD7151E0230838968815&pos=5&price=13.81&productid=325073&sid=329503&type=offer
01-CQ-HAP-PS30,CLINIQUE HAPPY EDP-S 30ML,20714997298.0,1000+,39.0,7.5,,,0.0,325073.0,onbuy.com,£13.95 £465.00/L,https://www.idealo.co.uk/relocator/relocate?categoryId=3972&offerKey=7ff7c199c2d37001fd6c8450f7b31045&offerListId=325073-3ECFFBF173EFAD7151E0230838968815&pos=6&price=13.95&productid=325073&sid=316895&type=offer
01-CQ-HAP-PS30,CLINIQUE HAPPY EDP-S 30ML,20714997298.0,1000+,39.0,7.5,,,0.0,325073.0,Amazon-marketplace.co.uk,£14.90 £496.67/L,https://www.idealo.co.uk/relocator/relocate?categoryId=3972&offerKey=c01bcf356cf4ed826a701573947d36ab&offerListId=325073-3ECFFBF173EFAD7151E0230838968815&pos=7&price=14.90&productid=325073&sid=22828&type=offer
01-CQ-HAP-PS30,CLINIQUE HAPPY EDP-S 30ML,20714997298.0,1000+,39.0,7.5,,,0.0,325073.0,perfumedirect.com,£14.99 £499.67/L,https://www.idealo.co.uk/relocator/relocate?categoryId=3972&offerKey=31896e541a839409fcbe37d2916d701c&offerListId=325073-3ECFFBF173EFAD7151E0230838968815&pos=8&price=14.99&productid=325073&sid=318630&type=offer
01-CQ-HAP-PS30,CLINIQUE HAPPY EDP-S 30ML,20714997298.0,1000+,39.0,7.5,,,0.0,325073.0,amazon.co.uk,£15.50 £516.67/L,https://www.idealo.co.uk/relocator/relocate?categoryId=3972&offerKey=764a22714f7057987bf478177be73e89&offerListId=325073-3ECFFBF173EFAD7151E0230838968815&pos=9&price=15.50&productid=325073&sid=12004&type=offer
01-CQ-HAP-PS30,CLINIQUE HAPPY EDP-S 30ML,20714997298.0,1000+,39.0,7.5,,,0.0,325073.0,allbeauty.com(UK),£15.50 £516.67/L,https://www.idealo.co.uk/relocator/relocate?categoryId=3972&offerKey=6678bc533e19081f1348cb11b681920e&offerListId=325073-3ECFFBF173EFAD7151E0230838968815&pos=10&price=15.50&productid=325073&sid=28942&type=offer
01-CQ-HAP-PS30,CLINIQUE HAPPY EDP-S 30ML,20714997298.0,1000+,39.0,7.5,,,0.0,325073.0,secretsales.com (UK),£16.67 £555.67/L,https://www.idealo.co.uk/relocator/relocate?categoryId=3972&offerKey=fd930315f9b6b2d63fefd143d7f15fa8&offerListId=325073-3ECFFBF173EFAD7151E0230838968815&pos=11&price=16.67&productid=325073&sid=324015&type=offer
01-CQ-HAP-PS30,CLINIQUE HAPPY EDP-S 30ML,20714997298.0,1000+,39.0,7.5,,,0.0,325073.0,Dressinn.com (UK),£16.99 £566.33/L,https://www.idealo.co.uk/relocator/relocate?categoryId=3972&offerKey=d6998d443d867b76c140c337b594519a&offerListId=325073-3ECFFBF173EFAD7151E0230838968815&pos=12&price=16.99&productid=325073&sid=318629&type=offer
01-CQ-HAP-PS30,CLINIQUE HAPPY EDP-S 30ML,20714997298.0,1000+,39.0,7.5,,,0.0,325073.0,studio.co.uk,£17.99 £599.67/L,https://www.idealo.co.uk/relocator/relocate?categoryId=3972&offerKey=5572a4546e1b31750abcb583829c3d15&offerListId=325073-3ECFFBF173EFAD7151E0230838968815&pos=13&price=17.99&productid=325073&sid=25953&type=offer
01-CQ-HAP-PS30,CLINIQUE HAPPY EDP-S 30ML,20714997298.0,1000+,39.0,7.5,,,0.0,325073.0,flannels.com,£17.99 £599.67/L,https://www.idealo.co.uk/relocator/relocate?categoryId=3972&offerKey=98c4a5d030fb53b2cdfdc02e984074de&offerListId=325073-3ECFFBF173EFAD7151E0230838968815&pos=14&price=17.99&productid=325073&sid=329528&type=offer
01-CQ-HAP-PS30,CLINIQUE HAPPY EDP-S 30ML,20714997298.0,1000+,39.0,7.5,,,0.0,325073.0,Expresschemist.co.uk,£20.00 £666.67/L,https://www.idealo.co.uk/relocator/relocate?categoryId=3972&offerKey=fd149519b379576b60627369c17b4a30&offerListId=325073-3ECFFBF173EFAD7151E0230838968815&pos=15&price=20.00&productid=325073&sid=22167&type=offer
01-CQ-HAP-PS30,CLINIQUE HAPPY EDP-S 30ML,20714997298.0,1000+,39.0,7.5,,,0.0,325073.0,,£21.25 £708.33/L,https://www.idealo.co.uk/relocator/relocate?categoryId=3972&offerKey=6974d4065878fdaefc20b152496c164c&offerListId=325073-3ECFFBF173EFAD7151E0230838968815&pos=16&price=21.25&productid=325073&sid=307734&type=offer
01-CQ-HAP-PS30,CLINIQUE HAPPY EDP-S 30ML,20714997298.0,1000+,39.0,7.5,,,0.0,325073.0,gorgeousshop.com (UK),£24.00 £800.00/L,https://www.idealo.co.uk/relocator/relocate?categoryId=3972&offerKey=905c631c73564bf6c8a87788ec4845db&offerListId=325073-3ECFFBF173EFAD7151E0230838968815&pos=17&price=24.00&productid=325073&sid=28273&type=offer
01-CQ-HAP-PS30,CLINIQUE HAPPY EDP-S 30ML,20714997298.0,1000+,39.0,7.5,,,0.0,325073.0,parfumdreams.co.uk,£28.38 £946.00/L,https://www.idealo.co.uk/relocator/relocate?categoryId=3972&offerKey=85415df53e6b4a3e95ea82b7ba5edeab&offerListId=325073-3ECFFBF173EFAD7151E0230838968815&pos=18&price=28.38&productid=325073&sid=316458&type=offer
01-CQ-HH-PS100,CLINIQUE HAPPY HEART EDP-S 100ML,20714881429.0,1000+,68.0,12.95,,,0.0,604135.0,Clearchemist.co.uk,£19.15 £191.50/L,https://www.idealo.co.uk/relocator/relocate?categoryId=3972&offerKey=fc95cd85582c12a5bb7c37770fdcb70a&offerListId=604135-0EA0D00D8CEAA7F802C13FEFB646A9F3&pos=1&price=19.15&productid=604135&sid=289670&type=offer
01-CQ-HH-PS100,CLINIQUE HAPPY HEART EDP-S 100ML,20714881429.0,1000+,68.0,12.95,,,0.0,604135.0,gorgeousshop.com (UK),£19.30 £193.00/L,https://www.idealo.co.uk/relocator/relocate?categoryId=3972&offerKey=15b35059848382d8113032a5d3ca51b2&offerListId=604135-0EA0D00D8CEAA7F802C13FEFB646A9F3&pos=2&price=19.30&productid=604135&sid=28273&type=offer
01-CQ-HH-PS100,CLINIQUE HAPPY HEART EDP-S 100ML,20714881429.0,1000+,68.0,12.95,,,0.0,604135.0,ebay.co.uk,£19.99 £199.90/L,https://www.idealo.co.uk/relocator/relocate?categoryId=3972&offerKey=0a61c985155848a24d2d724c7257db6c&offerListId=604135-0EA0D00D8CEAA7F802C13FEFB646A9F3&pos=3&price=19.99&productid=604135&sid=22818&type=offer
01-CQ-HH-PS100,CLINIQUE HAPPY HEART EDP-S 100ML,20714881429.0,1000+,68.0,12.95,,,0.0,604135.0,Amazon-marketplace.co.uk,£20.68 £206.80/L,https://www.idealo.co.uk/relocator/relocate?categoryId=3972&offerKey=2350ff08784b03665cfb954d4470d982&offerListId=604135-0EA0D00D8CEAA7F802C13FEFB646A9F3&pos=4&price=20.68&productid=604135&sid=22828&type=offer
01-CQ-HH-PS100,CLINIQUE HAPPY HEART EDP-S 100ML,20714881429.0,1000+,68.0,12.95,,,0.0,604135.0,cosmetify.com,£21.16 £211.60/L,https://www.idealo.co.uk/relocator/relocate?categoryId=3972&offerKey=993814269c013e854cfd4fd884ef9a15&offerListId=604135-0EA0D00D8CEAA7F802C13FEFB646A9F3&pos=5&price=21.16&productid=604135&sid=329503&type=offer
01-CQ-HH-PS100,CLINIQUE HAPPY HEART EDP-S 100ML,20714881429.0,1000+,68.0,12.95,,,0.0,604135.0,allbeauty.com(UK),£21.50 £215.00/L,https://www.idealo.co.uk/relocator/relocate?categoryId=3972&offerKey=8ea477ac048c5f02954219ee5de30839&offerListId=604135-0EA0D00D8CEAA7F802C13FEFB646A9F3&pos=6&price=21.50&productid=604135&sid=28942&type=offer
01-CQ-HH-PS100,CLINIQUE HAPPY HEART EDP-S 100ML,20714881429.0,1000+,68.0,12.95,,,0.0,604135.0,onbuy.com,£21.95 £219.50/L,https://www.idealo.co.uk/relocator/relocate?categoryId=3972&offerKey=b799f1d355e61f18b7354b2e7ffe1bba&offerListId=604135-0EA0D00D8CEAA7F802C13FEFB646A9F3&pos=7&price=21.95&productid=604135&sid=316895&type=offer
01-CQ-HH-PS100,CLINIQUE HAPPY HEART EDP-S 100ML,20714881429.0,1000+,68.0,12.95,,,0.0,604135.0,perfumedirect.com,£23.99 £239.90/L,https://www.idealo.co.uk/relocator/relocate?categoryId=3972&offerKey=f0a1ad2f991ab43b4a339ea391f7a3a5&offerListId=604135-0EA0D00D8CEAA7F802C13FEFB646A9F3&pos=8&price=23.99&productid=604135&sid=318630&type=offer
01-CQ-HH-PS100,CLINIQUE HAPPY HEART EDP-S 100ML,20714881429.0,1000+,68.0,12.95,,,0.0,604135.0,secretsales.com (UK),£25.84 £258.40/L,https://www.idealo.co.uk/relocator/relocate?categoryId=3972&offerKey=158ea9fe7280304757c3a7771cd4e75e&offerListId=604135-0EA0D00D8CEAA7F802C13FEFB646A9F3&pos=9&price=25.84&productid=604135&sid=324015&type=offer
01-CQ-HH-PS100,CLINIQUE HAPPY HEART EDP-S 100ML,20714881429.0,1000+,68.0,12.95,,,0.0,604135.0,onbuy.com,£27.24 £272.40/L,https://www.idealo.co.uk/relocator/relocate?categoryId=3972&offerKey=ddc8ef9d8516af0b2bf02828bac9bd03&offerListId=604135-0EA0D00D8CEAA7F802C13FEFB646A9F3&pos=10&price=27.24&productid=604135&sid=316895&type=offer
01-CQ-HH-PS100,CLINIQUE HAPPY HEART EDP-S 100ML,20714881429.0,1000+,68.0,12.95,,,0.0,604135.0,Tjhughes.co.uk,£28.00 £280.00/L,https://www.idealo.co.uk/relocator/relocate?categoryId=3972&offerKey=887f38826a67fe6181ac68af765d23be&offerListId=604135-0EA0D00D8CEAA7F802C13FEFB646A9F3&pos=11&price=28.00&productid=604135&sid=28759&type=offer
01-CQ-HH-PS100,CLINIQUE HAPPY HEART EDP-S 100ML,20714881429.0,1000+,68.0,12.95,,,0.0,604135.0,perfumeprice.co.uk,£28.95 £289.50/L,https://www.idealo.co.uk/relocator/relocate?categoryId=3972&offerKey=98073837bf6793e41595cc7a0e79c8d3&offerListId=604135-0EA0D00D8CEAA7F802C13FEFB646A9F3&pos=12&price=28.95&productid=604135&sid=321700&type=offer
01-CQ-HH-PS100,CLINIQUE HAPPY HEART EDP-S 100ML,20714881429.0,1000+,68.0,12.95,,,0.0,604135.0,Scentsationalperfumes.com,£39.50 £395.00/L,https://www.idealo.co.uk/relocator/relocate?categoryId=3972&offerKey=b615e934237fe84060ca39aab162dec2&offerListId=604135-0EA0D00D8CEAA7F802C13FEFB646A9F3&pos=13&price=39.50&productid=604135&sid=282041&type=offer
01-CQ-HH-PS100,CLINIQUE HAPPY HEART EDP-S 100ML,20714881429.0,1000+,68.0,12.95,,,0.0,604135.0,JDwilliams.co.uk,£52.00 £520.00/L,https://www.idealo.co.uk/relocator/relocate?categoryId=3972&offerKey=2e7ae5ac91ef6b85949ea386c87a89f2&offerListId=604135-0EA0D00D8CEAA7F802C13FEFB646A9F3&pos=14&price=52.00&productid=604135&sid=273150&type=offer
01-CQ-HH-PS100,CLINIQUE HAPPY HEART EDP-S 100ML,20714881429.0,1000+,68.0,12.95,,,0.0,604135.0,,£56.53 £565.30/L,https://www.idealo.co.uk/relocator/relocate?categoryId=3972&offerKey=c8833ca179699340bc06a4a08654232e&offerListId=604135-0EA0D00D8CEAA7F802C13FEFB646A9F3&pos=15&price=56.53&productid=604135&sid=307734&type=offer
01-CQ-HH-PS100,CLINIQUE HAPPY HEART EDP-S 100ML,20714881429.0,1000+,68.0,12.95,,,0.0,604135.0,cazaar.co.uk,£64.50 £645.00/L,https://www.idealo.co.uk/relocator/relocate?categoryId=3972&offerKey=b5515d0e79d8ab4333b3250df476f42a&offerListId=604135-0EA0D00D8CEAA7F802C13FEFB646A9F3&pos=16&price=64.50&productid=604135&sid=331015&type=offer
01-CQ-HH-PS100,CLINIQUE HAPPY HEART EDP-S 100ML,20714881429.0,1000+,68.0,12.95,,,0.0,604135.0,freemans.com (UK),£65.00 £650.00/L,https://www.idealo.co.uk/relocator/relocate?categoryId=3972&offerKey=1b515ba468c30cdda31a7274af9ab107&offerListId=604135-0EA0D00D8CEAA7F802C13FEFB646A9F3&pos=17&price=65.00&productid=604135&sid=320471&type=offer
01-CQ-HH-PS100,CLINIQUE HAPPY HEART EDP-S 100ML,20714881429.0,1000+,68.0,12.95,,,0.0,604135.0,Luxplus.co.uk,£71.99 £719.90/L,https://www.idealo.co.uk/relocator/relocate?categoryId=3972&offerKey=9ff018bcceaf09835db23f986c75363b&offerListId=604135-0EA0D00D8CEAA7F802C13FEFB646A9F3&pos=18&price=71.99&productid=604135&sid=322970&type=offer
01-CR-SMW-SG200,CREED SLIVER MOUNTAIN WATER SHOWER GEL 200ML,3508443107357.0,7,85.0,35.95,,,0.0,1915567.0,notino.co.uk,£65.00 £325.00/L,https://www.idealo.co.uk/relocator/relocate?categoryId=18481&offerKey=f71ddf968cf83f713f517066383de30a&offerListId=1915567-10EE06FF7BD545FE23658C5EA11B2FBA&pos=1&price=65.00&productid=1915567&sid=307734&type=offer
01-CR-SMW-SG200,CREED SLIVER MOUNTAIN WATER SHOWER GEL 200ML,3508443107357.0,7,85.0,35.95,,,0.0,1915567.0,selfridges.com/GB/en/,£85.00 £425.00/L,https://www.idealo.co.uk/relocator/relocate?categoryId=18481&offerKey=15b682710ebead3a48433432d94e1e7d&offerListId=1915567-10EE06FF7BD545FE23658C5EA11B2FBA&pos=2&price=85.00&productid=1915567&sid=279735&type=offer
01-CT-BAV-PS100-UK,CARTIER BAISER VOLE EDP-S 100ML,3432240026750.0,169,139.0,52.95,,,0.0,2848162.0,ebay.co.uk,£94.79 £947.90/L,https://www.idealo.co.uk/relocator/relocate?categoryId=3972&offerKey=481445d5c31828c9925aa72468342e52&offerListId=2848162-A5B02CB3467A8A1ECEEC14228749BCE1&pos=1&price=94.79&productid=2848162&sid=22818&type=offer
01-DAV-CWOE-TS100,DAVIDOFF COOL WATER OCEANIC EDITION FOR WOMAN EDT-S 100ML,3616303467388.0,622,70.0,11.5,,,0.0,202579322.0,Perfumeclick.co.uk,£22.30 £223.00/L,https://www.idealo.co.uk/relocator/relocate?categoryId=3972&offerKey=a406063a0e60af9d77cb750703f5221e&offerListId=202579322-B32CBFE8B1E13DF2B9FEFD2D46C83B57&pos=1&price=22.30&productid=202579322&sid=69736&type=offer
01-DAV-CWOE-TS100,DAVIDOFF COOL WATER OCEANIC EDITION FOR WOMAN EDT-S 100ML,3616303467388.0,622,70.0,11.5,,,0.0,202579322.0,cosmetify.com,£23.42 £234.20/L,https://www.idealo.co.uk/relocator/relocate?categoryId=3972&offerKey=f0742258d880afd292c09f526072ace5&offerListId=202579322-B32CBFE8B1E13DF2B9FEFD2D46C83B57&pos=2&price=23.42&productid=202579322&sid=329503&type=offer
01-DAV-CWOE-TS100,DAVIDOFF COOL WATER OCEANIC EDITION FOR WOMAN EDT-S 100ML,3616303467388.0,622,70.0,11.5,,,0.0,202579322.0,secretsales.com (UK),£25.59 £255.90/L,https://www.idealo.co.uk/relocator/relocate?categoryId=3972&offerKey=7599d828f919e3e7586939eedf386111&offerListId=202579322-B32CBFE8B1E13DF2B9FEFD2D46C83B57&pos=3&price=25.59&productid=202579322&sid=324015&type=offer
01-DAV-CWOE-TS100,DAVIDOFF COOL WATER OCEANIC EDITION FOR WOMAN EDT-S 100ML,3616303467388.0,622,70.0,11.5,,,0.0,202579322.0,onbuy.com,£26.60 £266.00/L,https://www.idealo.co.uk/relocator/relocate?categoryId=3972&offerKey=852979d6d6e279facb1631e9bf6acf97&offerListId=202579322-B32CBFE8B1E13DF2B9FEFD2D46C83B57&pos=4&price=26.60&productid=202579322&sid=316895&type=offer
01-DAV-CWOE-TS100,DAVIDOFF COOL WATER OCEANIC EDITION FOR WOMAN EDT-S 100ML,3616303467388.0,622,70.0,11.5,,,0.0,202579322.0,Clearchemist.co.uk,£31.81 £318.10/L,https://www.idealo.co.uk/relocator/relocate?categoryId=3972&offerKey=5a3d3ae1f2db78281fa9c85543d68396&offerListId=202579322-B32CBFE8B1E13DF2B9FEFD2D46C83B57&pos=5&price=31.81&productid=202579322&sid=289670&type=offer
01-DAV-CWOE-TS100,DAVIDOFF COOL WATER OCEANIC EDITION FOR WOMAN EDT-S 100ML,3616303467388.0,622,70.0,11.5,,,0.0,202579322.0,,£44.53 £445.30/L,https://www.idealo.co.uk/relocator/relocate?categoryId=3972&offerKey=c61f4655ec5b1cafefe68beb0bbe82dd&offerListId=202579322-B32CBFE8B1E13DF2B9FEFD2D46C83B57&pos=6&price=44.53&productid=202579322&sid=316458&type=offer
01-DAV-CWOE-TS100,DAVIDOFF COOL WATER OCEANIC EDITION FOR WOMAN EDT-S 100ML,3616303467388.0,622,70.0,11.5,,,0.0,202579322.0,ebay.co.uk,£47.99 £479.90/L,https://www.idealo.co.uk/relocator/relocate?categoryId=3972&offerKey=6c0621b204c164c1d22353e80c9c31c2&offerListId=202579322-B32CBFE8B1E13DF2B9FEFD2D46C83B57&pos=7&price=47.99&productid=202579322&sid=22818&type=offer
01-DAV-CW-TS30-UK,DAVIDOFF COOL WATER WOMAN EDT-S 30ML,3414202011820.0,1000+,32.0,8.5,,,0.0,102765.0,Scentsationalperfumes.com,£10.00 £333.33/L,https://www.idealo.co.uk/relocator/relocate?categoryId=3972&offerKey=f51ee31345c07c66b39d3a16d99f0dde&offerListId=102765-F72F9097F7770ADBAFED6C97D9255878&pos=1&price=10.00&productid=102765&sid=282041&type=offer
01-DAV-CW-TS30-UK,DAVIDOFF COOL WATER WOMAN EDT-S 30ML,3414202011820.0,1000+,32.0,8.5,,,0.0,102765.0,cosmetify.com,£10.50 £350.00/L,https://www.idealo.co.uk/relocator/relocate?categoryId=3972&offerKey=c889d94e0314f33c3c0c09f8783b8009&offerListId=102765-F72F9097F7770ADBAFED6C97D9255878&pos=2&price=10.50&productid=102765&sid=329503&type=offer
01-DAV-CW-TS30-UK,DAVIDOFF COOL WATER WOMAN EDT-S 30ML,3414202011820.0,1000+,32.0,8.5,,,0.0,102765.0,Clearchemist.co.uk,£11.80 £393.33/L,https://www.idealo.co.uk/relocator/relocate?categoryId=3972&offerKey=119068d040c7e6bd9948d67e970eefd1&offerListId=102765-F72F9097F7770ADBAFED6C97D9255878&pos=3&price=11.80&productid=102765&sid=289670&type=offer
01-DAV-CW-TS30-UK,DAVIDOFF COOL WATER WOMAN EDT-S 30ML,3414202011820.0,1000+,32.0,8.5,,,0.0,102765.0,Perfumeclick.co.uk,£14.25 £475.00/L,https://www.idealo.co.uk/relocator/relocate?categoryId=3972&offerKey=15800c71bb7d392ee84a4db36be609e9&offerListId=102765-F72F9097F7770ADBAFED6C97D9255878&pos=4&price=14.25&productid=102765&sid=69736&type=offer
01-DAV-CW-TS30-UK,DAVIDOFF COOL WATER WOMAN EDT-S 30ML,3414202011820.0,1000+,32.0,8.5,,,0.0,102765.0,beautybase.com(UK),£14.95 £498.33/L,https://www.idealo.co.uk/relocator/relocate?categoryId=3972&offerKey=fc2c0c0938769a20c01a01f758d1b590&offerListId=102765-F72F9097F7770ADBAFED6C97D9255878&pos=5&price=14.95&productid=102765&sid=299115&type=offer
01-DAV-CW-TS30-UK,DAVIDOFF COOL WATER WOMAN EDT-S 30ML,3414202011820.0,1000+,32.0,8.5,,,0.0,102765.0,ebay.co.uk,£14.96 £498.67/L,https://www.idealo.co.uk/relocator/relocate?categoryId=3972&offerKey=4abacef1e48b6b1f69793038d905d1af&offerListId=102765-F72F9097F7770ADBAFED6C97D9255878&pos=6&price=14.96&productid=102765&sid=22818&type=offer
01-DAV-CW-TS30-UK,DAVIDOFF COOL WATER WOMAN EDT-S 30ML,3414202011820.0,1000+,32.0,8.5,,,0.0,102765.0,onbuy.com,£14.98 £499.33/L,https://www.idealo.co.uk/relocator/relocate?categoryId=3972&offerKey=68bbfc88246f92d76f9580a6774c7166&offerListId=102765-F72F9097F7770ADBAFED6C97D9255878&pos=7&price=14.98&productid=102765&sid=316895&type=offer
01-DAV-CW-TS30-UK,DAVIDOFF COOL WATER WOMAN EDT-S 30ML,3414202011820.0,1000+,32.0,8.5,,,0.0,102765.0,,£16.80 £560.00/L,https://www.idealo.co.uk/relocator/relocate?categoryId=3972&offerKey=315409d55d8badc1175d0290abef2b09&offerListId=102765-F72F9097F7770ADBAFED6C97D9255878&pos=8&price=16.80&productid=102765&sid=307734&type=offer
01-DAV-CW-TS30-UK,DAVIDOFF COOL WATER WOMAN EDT-S 30ML,3414202011820.0,1000+,32.0,8.5,,,0.0,102765.0,groupon.co.uk,£17.00 £566.67/L,https://www.idealo.co.uk/relocator/relocate?categoryId=3972&offerKey=7efaa0922eb7f9de923a0c768be318df&offerListId=102765-F72F9097F7770ADBAFED6C97D9255878&pos=9&price=17.00&productid=102765&sid=313205&type=offer
01-DAV-CW-TS30-UK,DAVIDOFF COOL WATER WOMAN EDT-S 30ML,3414202011820.0,1000+,32.0,8.5,,,0.0,102765.0,secretsales.com (UK),£17.32 £577.33/L,https://www.idealo.co.uk/relocator/relocate?categoryId=3972&offerKey=f73f87977c6150aca77b639428c00c2b&offerListId=102765-F72F9097F7770ADBAFED6C97D9255878&pos=10&price=17.32&productid=102765&sid=324015&type=offer
01-DAV-CW-TS30-UK,DAVIDOFF COOL WATER WOMAN EDT-S 30ML,3414202011820.0,1000+,32.0,8.5,,,0.0,102765.0,parfumdreams.co.uk,£19.74 £658.00/L,https://www.idealo.co.uk/relocator/relocate?categoryId=3972&offerKey=fedf3726aa366d551adab2e1583fa83c&offerListId=102765-F72F9097F7770ADBAFED6C97D9255878&pos=11&price=19.74&productid=102765&sid=316458&type=offer
01-DAV-CW-TS30-UK,DAVIDOFF COOL WATER WOMAN EDT-S 30ML,3414202011820.0,1000+,32.0,8.5,,,0.0,102765.0,Dressinn.com (UK),£19.99 £666.33/L,https://www.idealo.co.uk/relocator/relocate?categoryId=3972&offerKey=f3362ad2297c16339cf7443404c2b22b&offerListId=102765-F72F9097F7770ADBAFED6C97D9255878&pos=12&price=19.99&productid=102765&sid=318629&type=offer
01-DAV-CW-TS30-UK,DAVIDOFF COOL WATER WOMAN EDT-S 30ML,3414202011820.0,1000+,32.0,8.5,,,0.0,102765.0,Expresschemist.co.uk,£22.95 £765.00/L,https://www.idealo.co.uk/relocator/relocate?categoryId=3972&offerKey=f3f7cf2afb0111db1b5b37be7420f2ec&offerListId=102765-F72F9097F7770ADBAFED6C97D9255878&pos=13&price=22.95&productid=102765&sid=22167&type=offer
01-DAV-CW-TS30-UK,DAVIDOFF COOL WATER WOMAN EDT-S 30ML,3414202011820.0,1000+,32.0,8.5,,,0.0,102765.0,amazon.co.uk,£24.00 £800.00/L,https://www.idealo.co.uk/relocator/relocate?categoryId=3972&offerKey=9f52cee17414f5e62c677ce83c91273a&offerListId=102765-F72F9097F7770ADBAFED6C97D9255878&pos=14&price=24.00&productid=102765&sid=12004&type=offer
01-DAV-CW-TS30-UK,DAVIDOFF COOL WATER WOMAN EDT-S 30ML,3414202011820.0,1000+,32.0,8.5,,,0.0,102765.0,Very.co.uk,£24.00 £800.00/L,https://www.idealo.co.uk/relocator/relocate?categoryId=3972&offerKey=14cb29580063275c33240805ee16c4a8&offerListId=102765-F72F9097F7770ADBAFED6C97D9255878&pos=15&price=24.00&productid=102765&sid=25214&type=offer
01-DAV-CW-TS30-UK,DAVIDOFF COOL WATER WOMAN EDT-S 30ML,3414202011820.0,1000+,32.0,8.5,,,0.0,102765.0,Perfumeshopping.com(UK),£24.01 £800.33/L,https://www.idealo.co.uk/relocator/relocate?categoryId=3972&offerKey=eb0d67fb63e658d872bfdfbb06dabbb5&offerListId=102765-F72F9097F7770ADBAFED6C97D9255878&pos=16&price=24.01&productid=102765&sid=282217&type=offer
01-DAV-CW-TS30-UK,DAVIDOFF COOL WATER WOMAN EDT-S 30ML,3414202011820.0,1000+,32.0,8.5,,,0.0,102765.0,escentual.com(UK),£27.20 £906.67/L,https://www.idealo.co.uk/relocator/relocate?categoryId=3972&offerKey=73f83b37c890c1004178ebb9d246cd11&offerListId=102765-F72F9097F7770ADBAFED6C97D9255878&pos=17&price=27.20&productid=102765&sid=21988&type=offer
01-DAV-CW-TS30-UK,DAVIDOFF COOL WATER WOMAN EDT-S 30ML,3414202011820.0,1000+,32.0,8.5,,,0.0,102765.0,studio.co.uk,£29.99 £999.67/L,https://www.idealo.co.uk/relocator/relocate?categoryId=3972&offerKey=501c8fd629c61e71eb298a537314c838&offerListId=102765-F72F9097F7770ADBAFED6C97D9255878&pos=18&price=29.99&productid=102765&sid=25953&type=offer
01-DAV-CW-TS50,DAVIDOFF COOL WATER WOMAN EDT-S 50ML,3414202011769.0,840,44.0,9.75,,,0.0,590000.0,Perfumeclick.co.uk,£15.55 £311.00/L,https://www.idealo.co.uk/relocator/relocate?categoryId=3972&offerKey=4201675cde1b0abb101cf27404609905&offerListId=590000-3347D272094CDA7FE87708F92865CF32&pos=1&price=15.55&productid=590000&sid=69736&type=offer
01-DAV-CW-TS50,DAVIDOFF COOL WATER WOMAN EDT-S 50ML,3414202011769.0,840,44.0,9.75,,,0.0,590000.0,cosmetify.com,£16.33 £326.60/L,https://www.idealo.co.uk/relocator/relocate?categoryId=3972&offerKey=3518bf9459cbf0cf0bbf031f045d8555&offerListId=590000-3347D272094CDA7FE87708F92865CF32&pos=2&price=16.33&productid=590000&sid=329503&type=offer
01-DAV-CW-TS50,DAVIDOFF COOL WATER WOMAN EDT-S 50ML,3414202011769.0,840,44.0,9.75,,,0.0,590000.0,perfumedirect.com,£17.99 £359.80/L,https://www.idealo.co.uk/relocator/relocate?categoryId=3972&offerKey=43029f85b4c18203efd6b3c69335bd6a&offerListId=590000-3347D272094CDA7FE87708F92865CF32&pos=3&price=17.99&productid=590000&sid=318630&type=offer
01-DAV-CW-TS50,DAVIDOFF COOL WATER WOMAN EDT-S 50ML,3414202011769.0,840,44.0,9.75,,,0.0,590000.0,onbuy.com,£19.00 £380.00/L,https://www.idealo.co.uk/relocator/relocate?categoryId=3972&offerKey=a1692f0d04cc7fbd51bcccec9bd65ad0&offerListId=590000-3347D272094CDA7FE87708F92865CF32&pos=4&price=19.00&productid=590000&sid=316895&type=offer
01-DAV-CW-TS50,DAVIDOFF COOL WATER WOMAN EDT-S 50ML,3414202011769.0,840,44.0,9.75,,,0.0,590000.0,secretsales.com (UK),£19.17 £383.40/L,https://www.idealo.co.uk/relocator/relocate?categoryId=3972&offerKey=635a69e4aaa2f1e0d98d1691d9729803&offerListId=590000-3347D272094CDA7FE87708F92865CF32&pos=5&price=19.17&productid=590000&sid=324015&type=offer
01-DAV-CW-TS50,DAVIDOFF COOL WATER WOMAN EDT-S 50ML,3414202011769.0,840,44.0,9.75,,,0.0,590000.0,ebay.co.uk,£19.21 £384.20/L,https://www.idealo.co.uk/relocator/relocate?categoryId=3972&offerKey=cc55ec5f8c65c54b5fb0f3ff5a37ba7a&offerListId=590000-3347D272094CDA7FE87708F92865CF32&pos=6&price=19.21&productid=590000&sid=22818&type=offer
01-DAV-CW-TS50,DAVIDOFF COOL WATER WOMAN EDT-S 50ML,3414202011769.0,840,44.0,9.75,,,0.0,590000.0,Scentsationalperfumes.com,£19.95 £399.00/L,https://www.idealo.co.uk/relocator/relocate?categoryId=3972&offerKey=287c326dcbd5b43da76899568d2210f0&offerListId=590000-3347D272094CDA7FE87708F92865CF32&pos=7&price=19.95&productid=590000&sid=282041&type=offer
01-DAV-CW-TS50,DAVIDOFF COOL WATER WOMAN EDT-S 50ML,3414202011769.0,840,44.0,9.75,,,0.0,590000.0,bodycareonline.co.uk,£19.99 £399.80/L,https://www.idealo.co.uk/relocator/relocate?categoryId=3972&offerKey=5b8948b65b82c8c323ddcce7f25c1262&offerListId=590000-3347D272094CDA7FE87708F92865CF32&pos=8&price=19.99&productid=590000&sid=332851&type=offer
01-DAV-CW-TS50,DAVIDOFF COOL WATER WOMAN EDT-S 50ML,3414202011769.0,840,44.0,9.75,,,0.0,590000.0,Expresschemist.co.uk,£21.99 £439.80/L,https://www.idealo.co.uk/relocator/relocate?categoryId=3972&offerKey=424c6dddb3df4cc960783308f4f74cd4&offerListId=590000-3347D272094CDA7FE87708F92865CF32&pos=9&price=21.99&productid=590000&sid=22167&type=offer
01-DAV-CW-TS50,DAVIDOFF COOL WATER WOMAN EDT-S 50ML,3414202011769.0,840,44.0,9.75,,,0.0,590000.0,beautybase.com(UK),£22.00 £440.00/L,https://www.idealo.co.uk/relocator/relocate?categoryId=3972&offerKey=9c6031b56eb429b11b0403aeb031c0da&offerListId=590000-3347D272094CDA7FE87708F92865CF32&pos=10&price=22.00&productid=590000&sid=299115&type=offer
01-DAV-CW-TS50,DAVIDOFF COOL WATER WOMAN EDT-S 50ML,3414202011769.0,840,44.0,9.75,,,0.0,590000.0,my-origines.com(UK),£22.36 £447.20/L,https://www.idealo.co.uk/relocator/relocate?categoryId=3972&offerKey=bc50fbd984ddc317e101a04d03e6d7f0&offerListId=590000-3347D272094CDA7FE87708F92865CF32&pos=11&price=22.36&productid=590000&sid=328503&type=offer
01-DAV-CW-TS50,DAVIDOFF COOL WATER WOMAN EDT-S 50ML,3414202011769.0,840,44.0,9.75,,,0.0,590000.0,,£23.92 £478.40/L,https://www.idealo.co.uk/relocator/relocate?categoryId=3972&offerKey=052f9b1e5285172d355415c2d157ee85&offerListId=590000-3347D272094CDA7FE87708F92865CF32&pos=12&price=23.92&productid=590000&sid=307734&type=offer
01-DAV-CW-TS50,DAVIDOFF COOL WATER WOMAN EDT-S 50ML,3414202011769.0,840,44.0,9.75,,,0.0,590000.0,Thefragrancecounter.com (UK),£23.95 £479.00/L,https://www.idealo.co.uk/relocator/relocate?categoryId=3972&offerKey=79352dd3c27223dbf1eea305b04526a7&offerListId=590000-3347D272094CDA7FE87708F92865CF32&pos=13&price=23.95&productid=590000&sid=299378&type=offer
01-DAV-CW-TS50,DAVIDOFF COOL WATER WOMAN EDT-S 50ML,3414202011769.0,840,44.0,9.75,,,0.0,590000.0,Dressinn.com (UK),£23.99 £479.80/L,https://www.idealo.co.uk/relocator/relocate?categoryId=3972&offerKey=c3411ffa4cf19ac828b3f2572764812a&offerListId=590000-3347D272094CDA7FE87708F92865CF32&pos=14&price=23.99&productid=590000&sid=318629&type=offer
01-DAV-CW-TS50,DAVIDOFF COOL WATER WOMAN EDT-S 50ML,3414202011769.0,840,44.0,9.75,,,0.0,590000.0,Fragrancedirect.co.uk,£24.95 £499.00/L,https://www.idealo.co.uk/relocator/relocate?categoryId=3972&offerKey=88eb47081678f0a91bd1dfa20c93ae0b&offerListId=590000-3347D272094CDA7FE87708F92865CF32&pos=15&price=24.95&productid=590000&sid=21971&type=offer
01-DAV-CW-TS50,DAVIDOFF COOL WATER WOMAN EDT-S 50ML,3414202011769.0,840,44.0,9.75,,,0.0,590000.0,Clearchemist.co.uk,£26.30 £526.00/L,https://www.idealo.co.uk/relocator/relocate?categoryId=3972&offerKey=d16ccc76a2bf871f668091094273c5fc&offerListId=590000-3347D272094CDA7FE87708F92865CF32&pos=16&price=26.30&productid=590000&sid=289670&type=offer
01-DAV-CW-TS50,DAVIDOFF COOL WATER WOMAN EDT-S 50ML,3414202011769.0,840,44.0,9.75,,,0.0,590000.0,parfumdreams.co.uk,£26.48 £529.60/L,https://www.idealo.co.uk/relocator/relocate?categoryId=3972&offerKey=474d553f0981ecc62db383e3e8199f2b&offerListId=590000-3347D272094CDA7FE87708F92865CF32&pos=17&price=26.48&productid=590000&sid=316458&type=offer
01-DAV-CW-TS50,DAVIDOFF COOL WATER WOMAN EDT-S 50ML,3414202011769.0,840,44.0,9.75,,,0.0,590000.0,allbeauty.com(UK),£26.95 £539.00/L,https://www.idealo.co.uk/relocator/relocate?categoryId=3972&offerKey=193abbed8c7e2f2d4f5d44a0f4d98b4b&offerListId=590000-3347D272094CDA7FE87708F92865CF32&pos=18&price=26.95&productid=590000&sid=28942&type=offer
01-DAV-CW-TS50,DAVIDOFF COOL WATER WOMAN EDT-S 50ML,3414202011769.0,840,44.0,9.75,,,0.0,590000.0,cazaar.co.uk,£41.93 £838.60/L,https://www.idealo.co.uk/relocator/relocate?categoryId=3972&offerKey=c67bfcd82fd536c4b23e820168e749b2&offerListId=590000-3347D272094CDA7FE87708F92865CF32&pos=19&price=41.93&productid=590000&sid=331015&type=offer
01-DAV-CW-TS50,DAVIDOFF COOL WATER WOMAN EDT-S 50ML,3414202011769.0,840,44.0,9.75,,,0.0,590000.0,Very.co.uk,£44.00 £880.00/L,https://www.idealo.co.uk/relocator/relocate?categoryId=3972&offerKey=1b2324d5e92784e00fce7254382327c0&offerListId=590000-3347D272094CDA7FE87708F92865CF32&pos=20&price=44.00&productid=590000&sid=25214&type=offer
01-DAV-CW-TS50,DAVIDOFF COOL WATER WOMAN EDT-S 50ML,3414202011769.0,840,44.0,9.75,,,0.0,590000.0,Perfumeclick.co.uk,£15.55 £311.00/L,https://www.idealo.co.uk/relocator/relocate?categoryId=3972&offerKey=4201675cde1b0abb101cf27404609905&offerListId=590000-3347D272094CDA7FE87708F92865CF32&pos=1&price=15.55&productid=590000&sid=69736&type=offer
01-DAV-CW-TS50,DAVIDOFF COOL WATER WOMAN EDT-S 50ML,3414202011769.0,840,44.0,9.75,,,0.0,590000.0,cosmetify.com,£16.33 £326.60/L,https://www.idealo.co.uk/relocator/relocate?categoryId=3972&offerKey=3518bf9459cbf0cf0bbf031f045d8555&offerListId=590000-3347D272094CDA7FE87708F92865CF32&pos=2&price=16.33&productid=590000&sid=329503&type=offer
01-DAV-CW-TS50,DAVIDOFF COOL WATER WOMAN EDT-S 50ML,3414202011769.0,840,44.0,9.75,,,0.0,590000.0,perfumedirect.com,£17.99 £359.80/L,https://www.idealo.co.uk/relocator/relocate?categoryId=3972&offerKey=43029f85b4c18203efd6b3c69335bd6a&offerListId=590000-3347D272094CDA7FE87708F92865CF32&pos=3&price=17.99&productid=590000&sid=318630&type=offer
01-DAV-CW-TS50,DAVIDOFF COOL WATER WOMAN EDT-S 50ML,3414202011769.0,840,44.0,9.75,,,0.0,590000.0,onbuy.com,£19.00 £380.00/L,https://www.idealo.co.uk/relocator/relocate?categoryId=3972&offerKey=a1692f0d04cc7fbd51bcccec9bd65ad0&offerListId=590000-3347D272094CDA7FE87708F92865CF32&pos=4&price=19.00&productid=590000&sid=316895&type=offer
01-DAV-CW-TS50,DAVIDOFF COOL WATER WOMAN EDT-S 50ML,3414202011769.0,840,44.0,9.75,,,0.0,590000.0,secretsales.com (UK),£19.17 £383.40/L,https://www.idealo.co.uk/relocator/relocate?categoryId=3972&offerKey=635a69e4aaa2f1e0d98d1691d9729803&offerListId=590000-3347D272094CDA7FE87708F92865CF32&pos=5&price=19.17&productid=590000&sid=324015&type=offer
01-DAV-CW-TS50,DAVIDOFF COOL WATER WOMAN EDT-S 50ML,3414202011769.0,840,44.0,9.75,,,0.0,590000.0,ebay.co.uk,£19.21 £384.20/L,https://www.idealo.co.uk/relocator/relocate?categoryId=3972&offerKey=cc55ec5f8c65c54b5fb0f3ff5a37ba7a&offerListId=590000-3347D272094CDA7FE87708F92865CF32&pos=6&price=19.21&productid=590000&sid=22818&type=offer
01-DAV-CW-TS50,DAVIDOFF COOL WATER WOMAN EDT-S 50ML,3414202011769.0,840,44.0,9.75,,,0.0,590000.0,Scentsationalperfumes.com,£19.95 £399.00/L,https://www.idealo.co.uk/relocator/relocate?categoryId=3972&offerKey=287c326dcbd5b43da76899568d2210f0&offerListId=590000-3347D272094CDA7FE87708F92865CF32&pos=7&price=19.95&productid=590000&sid=282041&type=offer
01-DAV-CW-TS50,DAVIDOFF COOL WATER WOMAN EDT-S 50ML,3414202011769.0,840,44.0,9.75,,,0.0,590000.0,bodycareonline.co.uk,£19.99 £399.80/L,https://www.idealo.co.uk/relocator/relocate?categoryId=3972&offerKey=5b8948b65b82c8c323ddcce7f25c1262&offerListId=590000-3347D272094CDA7FE87708F92865CF32&pos=8&price=19.99&productid=590000&sid=332851&type=offer
01-DAV-CW-TS50,DAVIDOFF COOL WATER WOMAN EDT-S 50ML,3414202011769.0,840,44.0,9.75,,,0.0,590000.0,Expresschemist.co.uk,£21.99 £439.80/L,https://www.idealo.co.uk/relocator/relocate?categoryId=3972&offerKey=424c6dddb3df4cc960783308f4f74cd4&offerListId=590000-3347D272094CDA7FE87708F92865CF32&pos=9&price=21.99&productid=590000&sid=22167&type=offer
01-DAV-CW-TS50,DAVIDOFF COOL WATER WOMAN EDT-S 50ML,3414202011769.0,840,44.0,9.75,,,0.0,590000.0,beautybase.com(UK),£22.00 £440.00/L,https://www.idealo.co.uk/relocator/relocate?categoryId=3972&offerKey=9c6031b56eb429b11b0403aeb031c0da&offerListId=590000-3347D272094CDA7FE87708F92865CF32&pos=10&price=22.00&productid=590000&sid=299115&type=offer
01-DAV-CW-TS50,DAVIDOFF COOL WATER WOMAN EDT-S 50ML,3414202011769.0,840,44.0,9.75,,,0.0,590000.0,my-origines.com(UK),£22.36 £447.20/L,https://www.idealo.co.uk/relocator/relocate?categoryId=3972&offerKey=bc50fbd984ddc317e101a04d03e6d7f0&offerListId=590000-3347D272094CDA7FE87708F92865CF32&pos=11&price=22.36&productid=590000&sid=328503&type=offer
01-DAV-CW-TS50,DAVIDOFF COOL WATER WOMAN EDT-S 50ML,3414202011769.0,840,44.0,9.75,,,0.0,590000.0,,£23.92 £478.40/L,https://www.idealo.co.uk/relocator/relocate?categoryId=3972&offerKey=052f9b1e5285172d355415c2d157ee85&offerListId=590000-3347D272094CDA7FE87708F92865CF32&pos=12&price=23.92&productid=590000&sid=307734&type=offer
01-DAV-CW-TS50,DAVIDOFF COOL WATER WOMAN EDT-S 50ML,3414202011769.0,840,44.0,9.75,,,0.0,590000.0,Thefragrancecounter.com (UK),£23.95 £479.00/L,https://www.idealo.co.uk/relocator/relocate?categoryId=3972&offerKey=79352dd3c27223dbf1eea305b04526a7&offerListId=590000-3347D272094CDA7FE87708F92865CF32&pos=13&price=23.95&productid=590000&sid=299378&type=offer
01-DAV-CW-TS50,DAVIDOFF COOL WATER WOMAN EDT-S 50ML,3414202011769.0,840,44.0,9.75,,,0.0,590000.0,Dressinn.com (UK),£23.99 £479.80/L,https://www.idealo.co.uk/relocator/relocate?categoryId=3972&offerKey=c3411ffa4cf19ac828b3f2572764812a&offerListId=590000-3347D272094CDA7FE87708F92865CF32&pos=14&price=23.99&productid=590000&sid=318629&type=offer
01-DAV-CW-TS50,DAVIDOFF COOL WATER WOMAN EDT-S 50ML,3414202011769.0,840,44.0,9.75,,,0.0,590000.0,Fragrancedirect.co.uk,£24.95 £499.00/L,https://www.idealo.co.uk/relocator/relocate?categoryId=3972&offerKey=88eb47081678f0a91bd1dfa20c93ae0b&offerListId=590000-3347D272094CDA7FE87708F92865CF32&pos=15&price=24.95&productid=590000&sid=21971&type=offer
01-DAV-CW-TS50,DAVIDOFF COOL WATER WOMAN EDT-S 50ML,3414202011769.0,840,44.0,9.75,,,0.0,590000.0,Clearchemist.co.uk,£26.30 £526.00/L,https://www.idealo.co.uk/relocator/relocate?categoryId=3972&offerKey=d16ccc76a2bf871f668091094273c5fc&offerListId=590000-3347D272094CDA7FE87708F92865CF32&pos=16&price=26.30&productid=590000&sid=289670&type=offer
01-DAV-CW-TS50,DAVIDOFF COOL WATER WOMAN EDT-S 50ML,3414202011769.0,840,44.0,9.75,,,0.0,590000.0,parfumdreams.co.uk,£26.48 £529.60/L,https://www.idealo.co.uk/relocator/relocate?categoryId=3972&offerKey=474d553f0981ecc62db383e3e8199f2b&offerListId=590000-3347D272094CDA7FE87708F92865CF32&pos=17&price=26.48&productid=590000&sid=316458&type=offer
01-DAV-CW-TS50,DAVIDOFF COOL WATER WOMAN EDT-S 50ML,3414202011769.0,840,44.0,9.75,,,0.0,590000.0,allbeauty.com(UK),£26.95 £539.00/L,https://www.idealo.co.uk/relocator/relocate?categoryId=3972&offerKey=193abbed8c7e2f2d4f5d44a0f4d98b4b&offerListId=590000-3347D272094CDA7FE87708F92865CF32&pos=18&price=26.95&productid=590000&sid=28942&type=offer
01-DAV-CW-TS50,DAVIDOFF COOL WATER WOMAN EDT-S 50ML,3414202011769.0,840,44.0,9.75,,,0.0,590000.0,cazaar.co.uk,£41.93 £838.60/L,https://www.idealo.co.uk/relocator/relocate?categoryId=3972&offerKey=c67bfcd82fd536c4b23e820168e749b2&offerListId=590000-3347D272094CDA7FE87708F92865CF32&pos=19&price=41.93&productid=590000&sid=331015&type=offer
01-DAV-CW-TS50,DAVIDOFF COOL WATER WOMAN EDT-S 50ML,3414202011769.0,840,44.0,9.75,,,0.0,590000.0,Very.co.uk,£44.00 £880.00/L,https://www.idealo.co.uk/relocator/relocate?categoryId=3972&offerKey=1b2324d5e92784e00fce7254382327c0&offerListId=590000-3347D272094CDA7FE87708F92865CF32&pos=20&price=44.00&productid=590000&sid=25214&type=offer
01-DAV-CW-TS50-UK,DAVIDOFF COOL WATER WOMAN EDT-S 50ML,3414202011769.0,1000+,44.0,9.5,,,0.0,590000.0,Perfumeclick.co.uk,£15.55 £311.00/L,https://www.idealo.co.uk/relocator/relocate?categoryId=3972&offerKey=4201675cde1b0abb101cf27404609905&offerListId=590000-3347D272094CDA7FE87708F92865CF32&pos=1&price=15.55&productid=590000&sid=69736&type=offer
01-DAV-CW-TS50-UK,DAVIDOFF COOL WATER WOMAN EDT-S 50ML,3414202011769.0,1000+,44.0,9.5,,,0.0,590000.0,cosmetify.com,£16.33 £326.60/L,https://www.idealo.co.uk/relocator/relocate?categoryId=3972&offerKey=3518bf9459cbf0cf0bbf031f045d8555&offerListId=590000-3347D272094CDA7FE87708F92865CF32&pos=2&price=16.33&productid=590000&sid=329503&type=offer
01-DAV-CW-TS50-UK,DAVIDOFF COOL WATER WOMAN EDT-S 50ML,3414202011769.0,1000+,44.0,9.5,,,0.0,590000.0,perfumedirect.com,£17.99 £359.80/L,https://www.idealo.co.uk/relocator/relocate?categoryId=3972&offerKey=43029f85b4c18203efd6b3c69335bd6a&offerListId=590000-3347D272094CDA7FE87708F92865CF32&pos=3&price=17.99&productid=590000&sid=318630&type=offer
01-DAV-CW-TS50-UK,DAVIDOFF COOL WATER WOMAN EDT-S 50ML,3414202011769.0,1000+,44.0,9.5,,,0.0,590000.0,onbuy.com,£19.00 £380.00/L,https://www.idealo.co.uk/relocator/relocate?categoryId=3972&offerKey=a1692f0d04cc7fbd51bcccec9bd65ad0&offerListId=590000-3347D272094CDA7FE87708F92865CF32&pos=4&price=19.00&productid=590000&sid=316895&type=offer
01-DAV-CW-TS50-UK,DAVIDOFF COOL WATER WOMAN EDT-S 50ML,3414202011769.0,1000+,44.0,9.5,,,0.0,590000.0,secretsales.com (UK),£19.17 £383.40/L,https://www.idealo.co.uk/relocator/relocate?categoryId=3972&offerKey=635a69e4aaa2f1e0d98d1691d9729803&offerListId=590000-3347D272094CDA7FE87708F92865CF32&pos=5&price=19.17&productid=590000&sid=324015&type=offer
01-DAV-CW-TS50-UK,DAVIDOFF COOL WATER WOMAN EDT-S 50ML,3414202011769.0,1000+,44.0,9.5,,,0.0,590000.0,ebay.co.uk,£19.21 £384.20/L,https://www.idealo.co.uk/relocator/relocate?categoryId=3972&offerKey=cc55ec5f8c65c54b5fb0f3ff5a37ba7a&offerListId=590000-3347D272094CDA7FE87708F92865CF32&pos=6&price=19.21&productid=590000&sid=22818&type=offer
01-DAV-CW-TS50-UK,DAVIDOFF COOL WATER WOMAN EDT-S 50ML,3414202011769.0,1000+,44.0,9.5,,,0.0,590000.0,Scentsationalperfumes.com,£19.95 £399.00/L,https://www.idealo.co.uk/relocator/relocate?categoryId=3972&offerKey=287c326dcbd5b43da76899568d2210f0&offerListId=590000-3347D272094CDA7FE87708F92865CF32&pos=7&price=19.95&productid=590000&sid=282041&type=offer
01-DAV-CW-TS50-UK,DAVIDOFF COOL WATER WOMAN EDT-S 50ML,3414202011769.0,1000+,44.0,9.5,,,0.0,590000.0,bodycareonline.co.uk,£19.99 £399.80/L,https://www.idealo.co.uk/relocator/relocate?categoryId=3972&offerKey=5b8948b65b82c8c323ddcce7f25c1262&offerListId=590000-3347D272094CDA7FE87708F92865CF32&pos=8&price=19.99&productid=590000&sid=332851&type=offer
01-DAV-CW-TS50-UK,DAVIDOFF COOL WATER WOMAN EDT-S 50ML,3414202011769.0,1000+,44.0,9.5,,,0.0,590000.0,Expresschemist.co.uk,£21.99 £439.80/L,https://www.idealo.co.uk/relocator/relocate?categoryId=3972&offerKey=424c6dddb3df4cc960783308f4f74cd4&offerListId=590000-3347D272094CDA7FE87708F92865CF32&pos=9&price=21.99&productid=590000&sid=22167&type=offer
01-DAV-CW-TS50-UK,DAVIDOFF COOL WATER WOMAN EDT-S 50ML,3414202011769.0,1000+,44.0,9.5,,,0.0,590000.0,beautybase.com(UK),£22.00 £440.00/L,https://www.idealo.co.uk/relocator/relocate?categoryId=3972&offerKey=9c6031b56eb429b11b0403aeb031c0da&offerListId=590000-3347D272094CDA7FE87708F92865CF32&pos=10&price=22.00&productid=590000&sid=299115&type=offer
01-DAV-CW-TS50-UK,DAVIDOFF COOL WATER WOMAN EDT-S 50ML,3414202011769.0,1000+,44.0,9.5,,,0.0,590000.0,my-origines.com(UK),£22.36 £447.20/L,https://www.idealo.co.uk/relocator/relocate?categoryId=3972&offerKey=bc50fbd984ddc317e101a04d03e6d7f0&offerListId=590000-3347D272094CDA7FE87708F92865CF32&pos=11&price=22.36&productid=590000&sid=328503&type=offer
01-DAV-CW-TS50-UK,DAVIDOFF COOL WATER WOMAN EDT-S 50ML,3414202011769.0,1000+,44.0,9.5,,,0.0,590000.0,,£23.92 £478.40/L,https://www.idealo.co.uk/relocator/relocate?categoryId=3972&offerKey=052f9b1e5285172d355415c2d157ee85&offerListId=590000-3347D272094CDA7FE87708F92865CF32&pos=12&price=23.92&productid=590000&sid=307734&type=offer
01-DAV-CW-TS50-UK,DAVIDOFF COOL WATER WOMAN EDT-S 50ML,3414202011769.0,1000+,44.0,9.5,,,0.0,590000.0,Thefragrancecounter.com (UK),£23.95 £479.00/L,https://www.idealo.co.uk/relocator/relocate?categoryId=3972&offerKey=79352dd3c27223dbf1eea305b04526a7&offerListId=590000-3347D272094CDA7FE87708F92865CF32&pos=13&price=23.95&productid=590000&sid=299378&type=offer
01-DAV-CW-TS50-UK,DAVIDOFF COOL WATER WOMAN EDT-S 50ML,3414202011769.0,1000+,44.0,9.5,,,0.0,590000.0,Dressinn.com (UK),£23.99 £479.80/L,https://www.idealo.co.uk/relocator/relocate?categoryId=3972&offerKey=c3411ffa4cf19ac828b3f2572764812a&offerListId=590000-3347D272094CDA7FE87708F92865CF32&pos=14&price=23.99&productid=590000&sid=318629&type=offer
01-DAV-CW-TS50-UK,DAVIDOFF COOL WATER WOMAN EDT-S 50ML,3414202011769.0,1000+,44.0,9.5,,,0.0,590000.0,Fragrancedirect.co.uk,£24.95 £499.00/L,https://www.idealo.co.uk/relocator/relocate?categoryId=3972&offerKey=88eb47081678f0a91bd1dfa20c93ae0b&offerListId=590000-3347D272094CDA7FE87708F92865CF32&pos=15&price=24.95&productid=590000&sid=21971&type=offer
01-DAV-CW-TS50-UK,DAVIDOFF COOL WATER WOMAN EDT-S 50ML,3414202011769.0,1000+,44.0,9.5,,,0.0,590000.0,Clearchemist.co.uk,£26.30 £526.00/L,https://www.idealo.co.uk/relocator/relocate?categoryId=3972&offerKey=d16ccc76a2bf871f668091094273c5fc&offerListId=590000-3347D272094CDA7FE87708F92865CF32&pos=16&price=26.30&productid=590000&sid=289670&type=offer
01-DAV-CW-TS50-UK,DAVIDOFF COOL WATER WOMAN EDT-S 50ML,3414202011769.0,1000+,44.0,9.5,,,0.0,590000.0,parfumdreams.co.uk,£26.48 £529.60/L,https://www.idealo.co.uk/relocator/relocate?categoryId=3972&offerKey=474d553f0981ecc62db383e3e8199f2b&offerListId=590000-3347D272094CDA7FE87708F92865CF32&pos=17&price=26.48&productid=590000&sid=316458&type=offer
01-DAV-CW-TS50-UK,DAVIDOFF COOL WATER WOMAN EDT-S 50ML,3414202011769.0,1000+,44.0,9.5,,,0.0,590000.0,allbeauty.com(UK),£26.95 £539.00/L,https://www.idealo.co.uk/relocator/relocate?categoryId=3972&offerKey=193abbed8c7e2f2d4f5d44a0f4d98b4b&offerListId=590000-3347D272094CDA7FE87708F92865CF32&pos=18&price=26.95&productid=590000&sid=28942&type=offer
01-DAV-CW-TS50-UK,DAVIDOFF COOL WATER WOMAN EDT-S 50ML,3414202011769.0,1000+,44.0,9.5,,,0.0,590000.0,cazaar.co.uk,£41.93 £838.60/L,https://www.idealo.co.uk/relocator/relocate?categoryId=3972&offerKey=c67bfcd82fd536c4b23e820168e749b2&offerListId=590000-3347D272094CDA7FE87708F92865CF32&pos=19&price=41.93&productid=590000&sid=331015&type=offer
01-DAV-CW-TS50-UK,DAVIDOFF COOL WATER WOMAN EDT-S 50ML,3414202011769.0,1000+,44.0,9.5,,,0.0,590000.0,Very.co.uk,£44.00 £880.00/L,https://www.idealo.co.uk/relocator/relocate?categoryId=3972&offerKey=1b2324d5e92784e00fce7254382327c0&offerListId=590000-3347D272094CDA7FE87708F92865CF32&pos=20&price=44.00&productid=590000&sid=25214&type=offer
01-DAV-CW-TS50-UK,DAVIDOFF COOL WATER WOMAN EDT-S 50ML,3414202011769.0,1000+,44.0,9.5,,,0.0,590000.0,Perfumeclick.co.uk,£15.55 £311.00/L,https://www.idealo.co.uk/relocator/relocate?categoryId=3972&offerKey=4201675cde1b0abb101cf27404609905&offerListId=590000-3347D272094CDA7FE87708F92865CF32&pos=1&price=15.55&productid=590000&sid=69736&type=offer
01-DAV-CW-TS50-UK,DAVIDOFF COOL WATER WOMAN EDT-S 50ML,3414202011769.0,1000+,44.0,9.5,,,0.0,590000.0,cosmetify.com,£16.33 £326.60/L,https://www.idealo.co.uk/relocator/relocate?categoryId=3972&offerKey=3518bf9459cbf0cf0bbf031f045d8555&offerListId=590000-3347D272094CDA7FE87708F92865CF32&pos=2&price=16.33&productid=590000&sid=329503&type=offer
01-DAV-CW-TS50-UK,DAVIDOFF COOL WATER WOMAN EDT-S 50ML,3414202011769.0,1000+,44.0,9.5,,,0.0,590000.0,perfumedirect.com,£17.99 £359.80/L,https://www.idealo.co.uk/relocator/relocate?categoryId=3972&offerKey=43029f85b4c18203efd6b3c69335bd6a&offerListId=590000-3347D272094CDA7FE87708F92865CF32&pos=3&price=17.99&productid=590000&sid=318630&type=offer
01-DAV-CW-TS50-UK,DAVIDOFF COOL WATER WOMAN EDT-S 50ML,3414202011769.0,1000+,44.0,9.5,,,0.0,590000.0,onbuy.com,£19.00 £380.00/L,https://www.idealo.co.uk/relocator/relocate?categoryId=3972&offerKey=a1692f0d04cc7fbd51bcccec9bd65ad0&offerListId=590000-3347D272094CDA7FE87708F92865CF32&pos=4&price=19.00&productid=590000&sid=316895&type=offer
01-DAV-CW-TS50-UK,DAVIDOFF COOL WATER WOMAN EDT-S 50ML,3414202011769.0,1000+,44.0,9.5,,,0.0,590000.0,secretsales.com (UK),£19.17 £383.40/L,https://www.idealo.co.uk/relocator/relocate?categoryId=3972&offerKey=635a69e4aaa2f1e0d98d1691d9729803&offerListId=590000-3347D272094CDA7FE87708F92865CF32&pos=5&price=19.17&productid=590000&sid=324015&type=offer
01-DAV-CW-TS50-UK,DAVIDOFF COOL WATER WOMAN EDT-S 50ML,3414202011769.0,1000+,44.0,9.5,,,0.0,590000.0,ebay.co.uk,£19.21 £384.20/L,https://www.idealo.co.uk/relocator/relocate?categoryId=3972&offerKey=cc55ec5f8c65c54b5fb0f3ff5a37ba7a&offerListId=590000-3347D272094CDA7FE87708F92865CF32&pos=6&price=19.21&productid=590000&sid=22818&type=offer
01-DAV-CW-TS50-UK,DAVIDOFF COOL WATER WOMAN EDT-S 50ML,3414202011769.0,1000+,44.0,9.5,,,0.0,590000.0,Scentsationalperfumes.com,£19.95 £399.00/L,https://www.idealo.co.uk/relocator/relocate?categoryId=3972&offerKey=287c326dcbd5b43da76899568d2210f0&offerListId=590000-3347D272094CDA7FE87708F92865CF32&pos=7&price=19.95&productid=590000&sid=282041&type=offer
01-DAV-CW-TS50-UK,DAVIDOFF COOL WATER WOMAN EDT-S 50ML,3414202011769.0,1000+,44.0,9.5,,,0.0,590000.0,bodycareonline.co.uk,£19.99 £399.80/L,https://www.idealo.co.uk/relocator/relocate?categoryId=3972&offerKey=5b8948b65b82c8c323ddcce7f25c1262&offerListId=590000-3347D272094CDA7FE87708F92865CF32&pos=8&price=19.99&productid=590000&sid=332851&type=offer
01-DAV-CW-TS50-UK,DAVIDOFF COOL WATER WOMAN EDT-S 50ML,3414202011769.0,1000+,44.0,9.5,,,0.0,590000.0,Expresschemist.co.uk,£21.99 £439.80/L,https://www.idealo.co.uk/relocator/relocate?categoryId=3972&offerKey=424c6dddb3df4cc960783308f4f74cd4&offerListId=590000-3347D272094CDA7FE87708F92865CF32&pos=9&price=21.99&productid=590000&sid=22167&type=offer
01-DAV-CW-TS50-UK,DAVIDOFF COOL WATER WOMAN EDT-S 50ML,3414202011769.0,1000+,44.0,9.5,,,0.0,590000.0,beautybase.com(UK),£22.00 £440.00/L,https://www.idealo.co.uk/relocator/relocate?categoryId=3972&offerKey=9c6031b56eb429b11b0403aeb031c0da&offerListId=590000-3347D272094CDA7FE87708F92865CF32&pos=10&price=22.00&productid=590000&sid=299115&type=offer
01-DAV-CW-TS50-UK,DAVIDOFF COOL WATER WOMAN EDT-S 50ML,3414202011769.0,1000+,44.0,9.5,,,0.0,590000.0,my-origines.com(UK),£22.36 £447.20/L,https://www.idealo.co.uk/relocator/relocate?categoryId=3972&offerKey=bc50fbd984ddc317e101a04d03e6d7f0&offerListId=590000-3347D272094CDA7FE87708F92865CF32&pos=11&price=22.36&productid=590000&sid=328503&type=offer
01-DAV-CW-TS50-UK,DAVIDOFF COOL WATER WOMAN EDT-S 50ML,3414202011769.0,1000+,44.0,9.5,,,0.0,590000.0,,£23.92 £478.40/L,https://www.idealo.co.uk/relocator/relocate?categoryId=3972&offerKey=052f9b1e5285172d355415c2d157ee85&offerListId=590000-3347D272094CDA7FE87708F92865CF32&pos=12&price=23.92&productid=590000&sid=307734&type=offer
01-DAV-CW-TS50-UK,DAVIDOFF COOL WATER WOMAN EDT-S 50ML,3414202011769.0,1000+,44.0,9.5,,,0.0,590000.0,Thefragrancecounter.com (UK),£23.95 £479.00/L,https://www.idealo.co.uk/relocator/relocate?categoryId=3972&offerKey=79352dd3c27223dbf1eea305b04526a7&offerListId=590000-3347D272094CDA7FE87708F92865CF32&pos=13&price=23.95&productid=590000&sid=299378&type=offer
01-DAV-CW-TS50-UK,DAVIDOFF COOL WATER WOMAN EDT-S 50ML,3414202011769.0,1000+,44.0,9.5,,,0.0,590000.0,Dressinn.com (UK),£23.99 £479.80/L,https://www.idealo.co.uk/relocator/relocate?categoryId=3972&offerKey=c3411ffa4cf19ac828b3f2572764812a&offerListId=590000-3347D272094CDA7FE87708F92865CF32&pos=14&price=23.99&productid=590000&sid=318629&type=offer
01-DAV-CW-TS50-UK,DAVIDOFF COOL WATER WOMAN EDT-S 50ML,3414202011769.0,1000+,44.0,9.5,,,0.0,590000.0,Fragrancedirect.co.uk,£24.95 £499.00/L,https://www.idealo.co.uk/relocator/relocate?categoryId=3972&offerKey=88eb47081678f0a91bd1dfa20c93ae0b&offerListId=590000-3347D272094CDA7FE87708F92865CF32&pos=15&price=24.95&productid=590000&sid=21971&type=offer
01-DAV-CW-TS50-UK,DAVIDOFF COOL WATER WOMAN EDT-S 50ML,3414202011769.0,1000+,44.0,9.5,,,0.0,590000.0,Clearchemist.co.uk,£26.30 £526.00/L,https://www.idealo.co.uk/relocator/relocate?categoryId=3972&offerKey=d16ccc76a2bf871f668091094273c5fc&offerListId=590000-3347D272094CDA7FE87708F92865CF32&pos=16&price=26.30&productid=590000&sid=289670&type=offer
01-DAV-CW-TS50-UK,DAVIDOFF COOL WATER WOMAN EDT-S 50ML,3414202011769.0,1000+,44.0,9.5,,,0.0,590000.0,parfumdreams.co.uk,£26.48 £529.60/L,https://www.idealo.co.uk/relocator/relocate?categoryId=3972&offerKey=474d553f0981ecc62db383e3e8199f2b&offerListId=590000-3347D272094CDA7FE87708F92865CF32&pos=17&price=26.48&productid=590000&sid=316458&type=offer
01-DAV-CW-TS50-UK,DAVIDOFF COOL WATER WOMAN EDT-S 50ML,3414202011769.0,1000+,44.0,9.5,,,0.0,590000.0,allbeauty.com(UK),£26.95 £539.00/L,https://www.idealo.co.uk/relocator/relocate?categoryId=3972&offerKey=193abbed8c7e2f2d4f5d44a0f4d98b4b&offerListId=590000-3347D272094CDA7FE87708F92865CF32&pos=18&price=26.95&productid=590000&sid=28942&type=offer
01-DAV-CW-TS50-UK,DAVIDOFF COOL WATER WOMAN EDT-S 50ML,3414202011769.0,1000+,44.0,9.5,,,0.0,590000.0,cazaar.co.uk,£41.93 £838.60/L,https://www.idealo.co.uk/relocator/relocate?categoryId=3972&offerKey=c67bfcd82fd536c4b23e820168e749b2&offerListId=590000-3347D272094CDA7FE87708F92865CF32&pos=19&price=41.93&productid=590000&sid=331015&type=offer
01-DAV-CW-TS50-UK,DAVIDOFF COOL WATER WOMAN EDT-S 50ML,3414202011769.0,1000+,44.0,9.5,,,0.0,590000.0,Very.co.uk,£44.00 £880.00/L,https://www.idealo.co.uk/relocator/relocate?categoryId=3972&offerKey=1b2324d5e92784e00fce7254382327c0&offerListId=590000-3347D272094CDA7FE87708F92865CF32&pos=20&price=44.00&productid=590000&sid=25214&type=offer
01-DG-LB-TS100-UK,D&G LIGHT BLUE EDT-S 100ML,8057971180318.0,105,104.0,30.95,,,0.0,585621.0,perfumeprice.co.uk,£46.95 £469.50/L,https://www.idealo.co.uk/relocator/relocate?categoryId=3972&offerKey=f8ed065b8200904603cce8b63ca42cb7&offerListId=585621-B4A0BEF2CB5964D46F4CC0321D285A20&pos=1&price=46.95&productid=585621&sid=321700&type=offer
01-DG-LB-TS100-UK,D&G LIGHT BLUE EDT-S 100ML,8057971180318.0,105,104.0,30.95,,,0.0,585621.0,ebay.co.uk,£47.15 £471.50/L,https://www.idealo.co.uk/relocator/relocate?categoryId=3972&offerKey=7dd046f5c4f131abcb9a0d8d6b26e324&offerListId=585621-B4A0BEF2CB5964D46F4CC0321D285A20&pos=2&price=47.15&productid=585621&sid=22818&type=offer
01-DG-LB-TS100-UK,D&G LIGHT BLUE EDT-S 100ML,8057971180318.0,105,104.0,30.95,,,0.0,585621.0,Perfumeclick.co.uk,£49.35 £493.50/L,https://www.idealo.co.uk/relocator/relocate?categoryId=3972&offerKey=1ed493a08b9e63f2dfa5935ffb1c4469&offerListId=585621-B4A0BEF2CB5964D46F4CC0321D285A20&pos=3&price=49.35&productid=585621&sid=69736&type=offer
01-DG-LB-TS100-UK,D&G LIGHT BLUE EDT-S 100ML,8057971180318.0,105,104.0,30.95,,,0.0,585621.0,parfumdreams.co.uk,£50.11 £501.10/L,https://www.idealo.co.uk/relocator/relocate?categoryId=3972&offerKey=d2182fed6fa855751c9736683bd2a2c9&offerListId=585621-B4A0BEF2CB5964D46F4CC0321D285A20&pos=4&price=50.11&productid=585621&sid=316458&type=offer
01-DG-LB-TS100-UK,D&G LIGHT BLUE EDT-S 100ML,8057971180318.0,105,104.0,30.95,,,0.0,585621.0,secretsales.com (UK),£50.99 £509.90/L,https://www.idealo.co.uk/relocator/relocate?categoryId=3972&offerKey=e657f970765a53a77594f561e80384d8&offerListId=585621-B4A0BEF2CB5964D46F4CC0321D285A20&pos=5&price=50.99&productid=585621&sid=324015&type=offer
01-DG-LB-TS100-UK,D&G LIGHT BLUE EDT-S 100ML,8057971180318.0,105,104.0,30.95,,,0.0,585621.0,perfumedirect.com,£50.99 £509.90/L,https://www.idealo.co.uk/relocator/relocate?categoryId=3972&offerKey=87018241cf559e4afc4bb2324fcf5373&offerListId=585621-B4A0BEF2CB5964D46F4CC0321D285A20&pos=6&price=50.99&productid=585621&sid=318630&type=offer
01-DG-LB-TS100-UK,D&G LIGHT BLUE EDT-S 100ML,8057971180318.0,105,104.0,30.95,,,0.0,585621.0,cosmetify.com,£51.82 £518.20/L,https://www.idealo.co.uk/relocator/relocate?categoryId=3972&offerKey=61a0e2cd40320bd5519a68f0ad39f4fb&offerListId=585621-B4A0BEF2CB5964D46F4CC0321D285A20&pos=7&price=51.82&productid=585621&sid=329503&type=offer
01-DG-LB-TS100-UK,D&G LIGHT BLUE EDT-S 100ML,8057971180318.0,105,104.0,30.95,,,0.0,585621.0,Amazon-marketplace.co.uk,£53.77 £537.70/L,https://www.idealo.co.uk/relocator/relocate?categoryId=3972&offerKey=5e6c3382e296458f06f32b3c173f009a&offerListId=585621-B4A0BEF2CB5964D46F4CC0321D285A20&pos=8&price=53.77&productid=585621&sid=22828&type=offer
01-DG-LB-TS100-UK,D&G LIGHT BLUE EDT-S 100ML,8057971180318.0,105,104.0,30.95,,,0.0,585621.0,amazon.co.uk,£53.78 £537.80/L,https://www.idealo.co.uk/relocator/relocate?categoryId=3972&offerKey=e712b66b1c9709764fcfc03d3743a858&offerListId=585621-B4A0BEF2CB5964D46F4CC0321D285A20&pos=9&price=53.78&productid=585621&sid=12004&type=offer
01-DG-LB-TS100-UK,D&G LIGHT BLUE EDT-S 100ML,8057971180318.0,105,104.0,30.95,,,0.0,585621.0,onbuy.com,£53.98 £539.80/L,https://www.idealo.co.uk/relocator/relocate?categoryId=3972&offerKey=47fe1f31f547c346265deb7548c1de6d&offerListId=585621-B4A0BEF2CB5964D46F4CC0321D285A20&pos=10&price=53.98&productid=585621&sid=316895&type=offer
01-DG-LB-TS100-UK,D&G LIGHT BLUE EDT-S 100ML,8057971180318.0,105,104.0,30.95,,,0.0,585621.0,Dressinn.com (UK),£53.99 £539.90/L,https://www.idealo.co.uk/relocator/relocate?categoryId=3972&offerKey=0d3d8af6b10aeaf1971cb05b3920ef4a&offerListId=585621-B4A0BEF2CB5964D46F4CC0321D285A20&pos=11&price=53.99&productid=585621&sid=318629&type=offer
01-DG-LB-TS100-UK,D&G LIGHT BLUE EDT-S 100ML,8057971180318.0,105,104.0,30.95,,,0.0,585621.0,gorgeousshop.com (UK),£55.63 £556.30/L,https://www.idealo.co.uk/relocator/relocate?categoryId=3972&offerKey=76341a4826dfc827d65090c491ec2641&offerListId=585621-B4A0BEF2CB5964D46F4CC0321D285A20&pos=12&price=55.63&productid=585621&sid=28273&type=offer
01-DG-LB-TS100-UK,D&G LIGHT BLUE EDT-S 100ML,8057971180318.0,105,104.0,30.95,,,0.0,585621.0,allbeauty.com(UK),£56.95 £569.50/L,https://www.idealo.co.uk/relocator/relocate?categoryId=3972&offerKey=d95f9ee5430a8594090bdd255141526e&offerListId=585621-B4A0BEF2CB5964D46F4CC0321D285A20&pos=13&price=56.95&productid=585621&sid=28942&type=offer
01-DG-LB-TS100-UK,D&G LIGHT BLUE EDT-S 100ML,8057971180318.0,105,104.0,30.95,,,0.0,585621.0,Pharmacy2u.co.uk,£57.20 £572.00/L,https://www.idealo.co.uk/relocator/relocate?categoryId=3972&offerKey=5d3e477816e9d0ed1cfebc2508c093aa&offerListId=585621-B4A0BEF2CB5964D46F4CC0321D285A20&pos=14&price=57.20&productid=585621&sid=25468&type=offer
01-DG-LB-TS100-UK,D&G LIGHT BLUE EDT-S 100ML,8057971180318.0,105,104.0,30.95,,,0.0,585621.0,onbuy.com,£57.29 £572.90/L,https://www.idealo.co.uk/relocator/relocate?categoryId=3972&offerKey=f4871504ed6142fd0c35415c0197d08e&offerListId=585621-B4A0BEF2CB5964D46F4CC0321D285A20&pos=15&price=57.29&productid=585621&sid=316895&type=offer
01-DG-LB-TS100-UK,D&G LIGHT BLUE EDT-S 100ML,8057971180318.0,105,104.0,30.95,,,0.0,585621.0,Robertdyas.co.uk,£65.99 £659.90/L,https://www.idealo.co.uk/relocator/relocate?categoryId=3972&offerKey=0896715e6e0ba9c43a8f8ddb5c8f6885&offerListId=585621-B4A0BEF2CB5964D46F4CC0321D285A20&pos=16&price=65.99&productid=585621&sid=22151&type=offer
01-DG-LB-TS100-UK,D&G LIGHT BLUE EDT-S 100ML,8057971180318.0,105,104.0,30.95,,,0.0,585621.0,my-origines.com(UK),£67.53 £675.30/L,https://www.idealo.co.uk/relocator/relocate?categoryId=3972&offerKey=80a3eca5a6de69d191342b73fc21df47&offerListId=585621-B4A0BEF2CB5964D46F4CC0321D285A20&pos=17&price=67.53&productid=585621&sid=328503&type=offer
01-DG-LB-TS100-UK,D&G LIGHT BLUE EDT-S 100ML,8057971180318.0,105,104.0,30.95,,,0.0,585621.0,beautybase.com(UK),£69.99 £699.90/L,https://www.idealo.co.uk/relocator/relocate?categoryId=3972&offerKey=5321b36085d324fb7bee853562a67aae&offerListId=585621-B4A0BEF2CB5964D46F4CC0321D285A20&pos=18&price=69.99&productid=585621&sid=299115&type=offer
01-DG-LB-TS100-UK,D&G LIGHT BLUE EDT-S 100ML,8057971180318.0,105,104.0,30.95,,,0.0,585621.0,cazaar.co.uk,£74.18 £741.80/L,https://www.idealo.co.uk/relocator/relocate?categoryId=3972&offerKey=88f9211510d318bc92fd9370c1860989&offerListId=585621-B4A0BEF2CB5964D46F4CC0321D285A20&pos=19&price=74.18&productid=585621&sid=331015&type=offer
01-DG-LB-TS100-UK,D&G LIGHT BLUE EDT-S 100ML,8057971180318.0,105,104.0,30.95,,,0.0,585621.0,escentual.com(UK),£76.25 £762.50/L,https://www.idealo.co.uk/relocator/relocate?categoryId=3972&offerKey=fb7e23ad174b6e7085a3d64041eb0093&offerListId=585621-B4A0BEF2CB5964D46F4CC0321D285A20&pos=20&price=76.25&productid=585621&sid=21988&type=offer
01-DG-LB-TS25-UK,D&G LIGHT BLUE EDT-S 25ML,3423473020257.0,604,52.0,17.95,,,0.0,102824.0,onbuy.com,£24.95 £998.00/L,https://www.idealo.co.uk/relocator/relocate?categoryId=3972&offerKey=2673b7b3797a44c3c7bb47537c14c519&offerListId=102824-7ABBC10795E0099FB3721B66E9BCC807&pos=1&price=24.95&productid=102824&sid=316895&type=offer
01-DG-LB-TS50,D&G LIGHT BLUE EDT-S 50ML,8057971180349.0,237,71.0,24.95,,,0.0,585600.0,ebay.co.uk,£33.16 £663.20/L,https://www.idealo.co.uk/relocator/relocate?categoryId=3972&offerKey=ebc4c99a374f9ed7c180ed9806ff875b&offerListId=585600-C8F216ED3A0E216566262CDEB231C82F&pos=1&price=33.16&productid=585600&sid=22818&type=offer
01-DG-LB-TS50,D&G LIGHT BLUE EDT-S 50ML,8057971180349.0,237,71.0,24.95,,,0.0,585600.0,groupon.co.uk,£35.50 £710.00/L,https://www.idealo.co.uk/relocator/relocate?categoryId=3972&offerKey=e6f8fc77e668eaa434ca402bdde08998&offerListId=585600-C8F216ED3A0E216566262CDEB231C82F&pos=2&price=35.50&productid=585600&sid=313205&type=offer
01-DG-LB-TS50,D&G LIGHT BLUE EDT-S 50ML,8057971180349.0,237,71.0,24.95,,,0.0,585600.0,cosmetify.com,£35.99 £719.80/L,https://www.idealo.co.uk/relocator/relocate?categoryId=3972&offerKey=5cc45b6cb28f1100ef022f9fed9d7448&offerListId=585600-C8F216ED3A0E216566262CDEB231C82F&pos=3&price=35.99&productid=585600&sid=329503&type=offer
01-DG-LB-TS50,D&G LIGHT BLUE EDT-S 50ML,8057971180349.0,237,71.0,24.95,,,0.0,585600.0,parfumdreams.co.uk,£36.90 £738.00/L,https://www.idealo.co.uk/relocator/relocate?categoryId=3972&offerKey=820cb62dcaae316f67a518a614629c8b&offerListId=585600-C8F216ED3A0E216566262CDEB231C82F&pos=4&price=36.90&productid=585600&sid=316458&type=offer
01-DG-LB-TS50,D&G LIGHT BLUE EDT-S 50ML,8057971180349.0,237,71.0,24.95,,,0.0,585600.0,allbeauty.com(UK),£36.90 £738.00/L,https://www.idealo.co.uk/relocator/relocate?categoryId=3972&offerKey=7377264551a55dfffb9d2b789f80d597&offerListId=585600-C8F216ED3A0E216566262CDEB231C82F&pos=5&price=36.90&productid=585600&sid=28942&type=offer
01-DG-LB-TS50,D&G LIGHT BLUE EDT-S 50ML,8057971180349.0,237,71.0,24.95,,,0.0,585600.0,Perfumeclick.co.uk,£37.35 £747.00/L,https://www.idealo.co.uk/relocator/relocate?categoryId=3972&offerKey=4f5917510ed32ca60611498a17685ae0&offerListId=585600-C8F216ED3A0E216566262CDEB231C82F&pos=6&price=37.35&productid=585600&sid=69736&type=offer
01-DG-LB-TS50,D&G LIGHT BLUE EDT-S 50ML,8057971180349.0,237,71.0,24.95,,,0.0,585600.0,amazon.co.uk,£37.93 £758.60/L,https://www.idealo.co.uk/relocator/relocate?categoryId=3972&offerKey=03e95aa9355392f06469b05e6acc8afb&offerListId=585600-C8F216ED3A0E216566262CDEB231C82F&pos=7&price=37.93&productid=585600&sid=12004&type=offer
01-DG-LB-TS50,D&G LIGHT BLUE EDT-S 50ML,8057971180349.0,237,71.0,24.95,,,0.0,585600.0,onbuy.com,£37.93 £758.60/L,https://www.idealo.co.uk/relocator/relocate?categoryId=3972&offerKey=1096505730023449bf67d234c47a568c&offerListId=585600-C8F216ED3A0E216566262CDEB231C82F&pos=8&price=37.93&productid=585600&sid=316895&type=offer
01-DG-LB-TS50,D&G LIGHT BLUE EDT-S 50ML,8057971180349.0,237,71.0,24.95,,,0.0,585600.0,onbuy.com,£37.93 £758.60/L,https://www.idealo.co.uk/relocator/relocate?categoryId=3972&offerKey=178117fcaab894987dbec1ccd0417712&offerListId=585600-C8F216ED3A0E216566262CDEB231C82F&pos=9&price=37.93&productid=585600&sid=316895&type=offer
01-DG-LB-TS50,D&G LIGHT BLUE EDT-S 50ML,8057971180349.0,237,71.0,24.95,,,0.0,585600.0,bodycareonline.co.uk,£37.99 £759.80/L,https://www.idealo.co.uk/relocator/relocate?categoryId=3972&offerKey=1651e2f378a1973bcdd3a9905deb23f3&offerListId=585600-C8F216ED3A0E216566262CDEB231C82F&pos=10&price=37.99&productid=585600&sid=332851&type=offer
01-DG-LB-TS50,D&G LIGHT BLUE EDT-S 50ML,8057971180349.0,237,71.0,24.95,,,0.0,585600.0,Dressinn.com (UK),£38.49 £769.80/L,https://www.idealo.co.uk/relocator/relocate?categoryId=3972&offerKey=404b694ddd6b31324f4567ebb6d9ab3c&offerListId=585600-C8F216ED3A0E216566262CDEB231C82F&pos=11&price=38.49&productid=585600&sid=318629&type=offer
01-DG-LB-TS50,D&G LIGHT BLUE EDT-S 50ML,8057971180349.0,237,71.0,24.95,,,0.0,585600.0,secretsales.com (UK),£38.79 £775.80/L,https://www.idealo.co.uk/relocator/relocate?categoryId=3972&offerKey=6266e47685a96a31468245400de32cca&offerListId=585600-C8F216ED3A0E216566262CDEB231C82F&pos=12&price=38.79&productid=585600&sid=324015&type=offer
01-DG-LB-TS50,D&G LIGHT BLUE EDT-S 50ML,8057971180349.0,237,71.0,24.95,,,0.0,585600.0,secretsales.com (UK),£38.79 £775.80/L,https://www.idealo.co.uk/relocator/relocate?categoryId=3972&offerKey=afcfc729582e3c20fd05a8892699ebf1&offerListId=585600-C8F216ED3A0E216566262CDEB231C82F&pos=13&price=38.79&productid=585600&sid=324015&type=offer
01-DG-LB-TS50,D&G LIGHT BLUE EDT-S 50ML,8057971180349.0,237,71.0,24.95,,,0.0,585600.0,beautybase.com(UK),£39.95 £799.00/L,https://www.idealo.co.uk/relocator/relocate?categoryId=3972&offerKey=fefb6ac760d91bb638a22087dee546f3&offerListId=585600-C8F216ED3A0E216566262CDEB231C82F&pos=14&price=39.95&productid=585600&sid=299115&type=offer
01-DG-LB-TS50,D&G LIGHT BLUE EDT-S 50ML,8057971180349.0,237,71.0,24.95,,,0.0,585600.0,gorgeousshop.com (UK),£42.00 £840.00/L,https://www.idealo.co.uk/relocator/relocate?categoryId=3972&offerKey=3fdeb2b914d97790741b3c837cf8c732&offerListId=585600-C8F216ED3A0E216566262CDEB231C82F&pos=15&price=42.00&productid=585600&sid=28273&type=offer
01-DG-LB-TS50,D&G LIGHT BLUE EDT-S 50ML,8057971180349.0,237,71.0,24.95,,,0.0,585600.0,Scentsationalperfumes.com,£42.50 £850.00/L,https://www.idealo.co.uk/relocator/relocate?categoryId=3972&offerKey=b9594ede637442b68862b0576578ced3&offerListId=585600-C8F216ED3A0E216566262CDEB231C82F&pos=16&price=42.50&productid=585600&sid=282041&type=offer
01-DG-LB-TS50,D&G LIGHT BLUE EDT-S 50ML,8057971180349.0,237,71.0,24.95,,,0.0,585600.0,onbuy.com,£43.79 £875.80/L,https://www.idealo.co.uk/relocator/relocate?categoryId=3972&offerKey=e28ce4b7aed58181e08ebaeb6e43ea51&offerListId=585600-C8F216ED3A0E216566262CDEB231C82F&pos=17&price=43.79&productid=585600&sid=316895&type=offer
01-DG-LB-TS50,D&G LIGHT BLUE EDT-S 50ML,8057971180349.0,237,71.0,24.95,,,0.0,585600.0,Amazon-marketplace.co.uk,£43.99 £879.80/L,https://www.idealo.co.uk/relocator/relocate?categoryId=3972&offerKey=3642fcffd80ba2e8c4dcef8cb8ee14f6&offerListId=585600-C8F216ED3A0E216566262CDEB231C82F&pos=18&price=43.99&productid=585600&sid=22828&type=offer
01-DG-LB-TS50,D&G LIGHT BLUE EDT-S 50ML,8057971180349.0,237,71.0,24.95,,,0.0,585600.0,cazaar.co.uk,£48.38 £967.60/L,https://www.idealo.co.uk/relocator/relocate?categoryId=3972&offerKey=8b2265c86dfdd206f269cd1d17c83189&offerListId=585600-C8F216ED3A0E216566262CDEB231C82F&pos=19&price=48.38&productid=585600&sid=331015&type=offer
01-DG-LB-TS50,D&G LIGHT BLUE EDT-S 50ML,8057971180349.0,237,71.0,24.95,,,0.0,585600.0,ebay.co.uk,£33.16 £663.20/L,https://www.idealo.co.uk/relocator/relocate?categoryId=3972&offerKey=ebc4c99a374f9ed7c180ed9806ff875b&offerListId=585600-C8F216ED3A0E216566262CDEB231C82F&pos=1&price=33.16&productid=585600&sid=22818&type=offer
01-DG-LB-TS50,D&G LIGHT BLUE EDT-S 50ML,8057971180349.0,237,71.0,24.95,,,0.0,585600.0,groupon.co.uk,£35.50 £710.00/L,https://www.idealo.co.uk/relocator/relocate?categoryId=3972&offerKey=e6f8fc77e668eaa434ca402bdde08998&offerListId=585600-C8F216ED3A0E216566262CDEB231C82F&pos=2&price=35.50&productid=585600&sid=313205&type=offer
01-DG-LB-TS50,D&G LIGHT BLUE EDT-S 50ML,8057971180349.0,237,71.0,24.95,,,0.0,585600.0,cosmetify.com,£35.99 £719.80/L,https://www.idealo.co.uk/relocator/relocate?categoryId=3972&offerKey=5cc45b6cb28f1100ef022f9fed9d7448&offerListId=585600-C8F216ED3A0E216566262CDEB231C82F&pos=3&price=35.99&productid=585600&sid=329503&type=offer
01-DG-LB-TS50,D&G LIGHT BLUE EDT-S 50ML,8057971180349.0,237,71.0,24.95,,,0.0,585600.0,parfumdreams.co.uk,£36.90 £738.00/L,https://www.idealo.co.uk/relocator/relocate?categoryId=3972&offerKey=820cb62dcaae316f67a518a614629c8b&offerListId=585600-C8F216ED3A0E216566262CDEB231C82F&pos=4&price=36.90&productid=585600&sid=316458&type=offer
01-DG-LB-TS50,D&G LIGHT BLUE EDT-S 50ML,8057971180349.0,237,71.0,24.95,,,0.0,585600.0,allbeauty.com(UK),£36.90 £738.00/L,https://www.idealo.co.uk/relocator/relocate?categoryId=3972&offerKey=7377264551a55dfffb9d2b789f80d597&offerListId=585600-C8F216ED3A0E216566262CDEB231C82F&pos=5&price=36.90&productid=585600&sid=28942&type=offer
01-DG-LB-TS50,D&G LIGHT BLUE EDT-S 50ML,8057971180349.0,237,71.0,24.95,,,0.0,585600.0,Perfumeclick.co.uk,£37.35 £747.00/L,https://www.idealo.co.uk/relocator/relocate?categoryId=3972&offerKey=4f5917510ed32ca60611498a17685ae0&offerListId=585600-C8F216ED3A0E216566262CDEB231C82F&pos=6&price=37.35&productid=585600&sid=69736&type=offer
01-DG-LB-TS50,D&G LIGHT BLUE EDT-S 50ML,8057971180349.0,237,71.0,24.95,,,0.0,585600.0,amazon.co.uk,£37.93 £758.60/L,https://www.idealo.co.uk/relocator/relocate?categoryId=3972&offerKey=03e95aa9355392f06469b05e6acc8afb&offerListId=585600-C8F216ED3A0E216566262CDEB231C82F&pos=7&price=37.93&productid=585600&sid=12004&type=offer
01-DG-LB-TS50,D&G LIGHT BLUE EDT-S 50ML,8057971180349.0,237,71.0,24.95,,,0.0,585600.0,onbuy.com,£37.93 £758.60/L,https://www.idealo.co.uk/relocator/relocate?categoryId=3972&offerKey=1096505730023449bf67d234c47a568c&offerListId=585600-C8F216ED3A0E216566262CDEB231C82F&pos=8&price=37.93&productid=585600&sid=316895&type=offer
01-DG-LB-TS50,D&G LIGHT BLUE EDT-S 50ML,8057971180349.0,237,71.0,24.95,,,0.0,585600.0,onbuy.com,£37.93 £758.60/L,https://www.idealo.co.uk/relocator/relocate?categoryId=3972&offerKey=178117fcaab894987dbec1ccd0417712&offerListId=585600-C8F216ED3A0E216566262CDEB231C82F&pos=9&price=37.93&productid=585600&sid=316895&type=offer
01-DG-LB-TS50,D&G LIGHT BLUE EDT-S 50ML,8057971180349.0,237,71.0,24.95,,,0.0,585600.0,bodycareonline.co.uk,£37.99 £759.80/L,https://www.idealo.co.uk/relocator/relocate?categoryId=3972&offerKey=1651e2f378a1973bcdd3a9905deb23f3&offerListId=585600-C8F216ED3A0E216566262CDEB231C82F&pos=10&price=37.99&productid=585600&sid=332851&type=offer
01-DG-LB-TS50,D&G LIGHT BLUE EDT-S 50ML,8057971180349.0,237,71.0,24.95,,,0.0,585600.0,Dressinn.com (UK),£38.49 £769.80/L,https://www.idealo.co.uk/relocator/relocate?categoryId=3972&offerKey=404b694ddd6b31324f4567ebb6d9ab3c&offerListId=585600-C8F216ED3A0E216566262CDEB231C82F&pos=11&price=38.49&productid=585600&sid=318629&type=offer
01-DG-LB-TS50,D&G LIGHT BLUE EDT-S 50ML,8057971180349.0,237,71.0,24.95,,,0.0,585600.0,secretsales.com (UK),£38.79 £775.80/L,https://www.idealo.co.uk/relocator/relocate?categoryId=3972&offerKey=6266e47685a96a31468245400de32cca&offerListId=585600-C8F216ED3A0E216566262CDEB231C82F&pos=12&price=38.79&productid=585600&sid=324015&type=offer
01-DG-LB-TS50,D&G LIGHT BLUE EDT-S 50ML,8057971180349.0,237,71.0,24.95,,,0.0,585600.0,secretsales.com (UK),£38.79 £775.80/L,https://www.idealo.co.uk/relocator/relocate?categoryId=3972&offerKey=afcfc729582e3c20fd05a8892699ebf1&offerListId=585600-C8F216ED3A0E216566262CDEB231C82F&pos=13&price=38.79&productid=585600&sid=324015&type=offer
01-DG-LB-TS50,D&G LIGHT BLUE EDT-S 50ML,8057971180349.0,237,71.0,24.95,,,0.0,585600.0,beautybase.com(UK),£39.95 £799.00/L,https://www.idealo.co.uk/relocator/relocate?categoryId=3972&offerKey=fefb6ac760d91bb638a22087dee546f3&offerListId=585600-C8F216ED3A0E216566262CDEB231C82F&pos=14&price=39.95&productid=585600&sid=299115&type=offer
01-DG-LB-TS50,D&G LIGHT BLUE EDT-S 50ML,8057971180349.0,237,71.0,24.95,,,0.0,585600.0,gorgeousshop.com (UK),£42.00 £840.00/L,https://www.idealo.co.uk/relocator/relocate?categoryId=3972&offerKey=3fdeb2b914d97790741b3c837cf8c732&offerListId=585600-C8F216ED3A0E216566262CDEB231C82F&pos=15&price=42.00&productid=585600&sid=28273&type=offer
01-DG-LB-TS50,D&G LIGHT BLUE EDT-S 50ML,8057971180349.0,237,71.0,24.95,,,0.0,585600.0,Scentsationalperfumes.com,£42.50 £850.00/L,https://www.idealo.co.uk/relocator/relocate?categoryId=3972&offerKey=b9594ede637442b68862b0576578ced3&offerListId=585600-C8F216ED3A0E216566262CDEB231C82F&pos=16&price=42.50&productid=585600&sid=282041&type=offer
01-DG-LB-TS50,D&G LIGHT BLUE EDT-S 50ML,8057971180349.0,237,71.0,24.95,,,0.0,585600.0,onbuy.com,£43.79 £875.80/L,https://www.idealo.co.uk/relocator/relocate?categoryId=3972&offerKey=e28ce4b7aed58181e08ebaeb6e43ea51&offerListId=585600-C8F216ED3A0E216566262CDEB231C82F&pos=17&price=43.79&productid=585600&sid=316895&type=offer
01-DG-LB-TS50,D&G LIGHT BLUE EDT-S 50ML,8057971180349.0,237,71.0,24.95,,,0.0,585600.0,Amazon-marketplace.co.uk,£43.99 £879.80/L,https://www.idealo.co.uk/relocator/relocate?categoryId=3972&offerKey=3642fcffd80ba2e8c4dcef8cb8ee14f6&offerListId=585600-C8F216ED3A0E216566262CDEB231C82F&pos=18&price=43.99&productid=585600&sid=22828&type=offer
01-DG-LB-TS50,D&G LIGHT BLUE EDT-S 50ML,8057971180349.0,237,71.0,24.95,,,0.0,585600.0,cazaar.co.uk,£48.38 £967.60/L,https://www.idealo.co.uk/relocator/relocate?categoryId=3972&offerKey=8b2265c86dfdd206f269cd1d17c83189&offerListId=585600-C8F216ED3A0E216566262CDEB231C82F&pos=19&price=48.38&productid=585600&sid=331015&type=offer
01-DG-LB-TS50-UK,D&G LIGHT BLUE EDT-S 50ML,8057971180349.0,743,75.0,21.75,,,0.0,585600.0,ebay.co.uk,£33.16 £663.20/L,https://www.idealo.co.uk/relocator/relocate?categoryId=3972&offerKey=ebc4c99a374f9ed7c180ed9806ff875b&offerListId=585600-C8F216ED3A0E216566262CDEB231C82F&pos=1&price=33.16&productid=585600&sid=22818&type=offer
01-DG-LB-TS50-UK,D&G LIGHT BLUE EDT-S 50ML,8057971180349.0,743,75.0,21.75,,,0.0,585600.0,groupon.co.uk,£35.50 £710.00/L,https://www.idealo.co.uk/relocator/relocate?categoryId=3972&offerKey=e6f8fc77e668eaa434ca402bdde08998&offerListId=585600-C8F216ED3A0E216566262CDEB231C82F&pos=2&price=35.50&productid=585600&sid=313205&type=offer
01-DG-LB-TS50-UK,D&G LIGHT BLUE EDT-S 50ML,8057971180349.0,743,75.0,21.75,,,0.0,585600.0,cosmetify.com,£35.99 £719.80/L,https://www.idealo.co.uk/relocator/relocate?categoryId=3972&offerKey=5cc45b6cb28f1100ef022f9fed9d7448&offerListId=585600-C8F216ED3A0E216566262CDEB231C82F&pos=3&price=35.99&productid=585600&sid=329503&type=offer
01-DG-LB-TS50-UK,D&G LIGHT BLUE EDT-S 50ML,8057971180349.0,743,75.0,21.75,,,0.0,585600.0,parfumdreams.co.uk,£36.90 £738.00/L,https://www.idealo.co.uk/relocator/relocate?categoryId=3972&offerKey=820cb62dcaae316f67a518a614629c8b&offerListId=585600-C8F216ED3A0E216566262CDEB231C82F&pos=4&price=36.90&productid=585600&sid=316458&type=offer
01-DG-LB-TS50-UK,D&G LIGHT BLUE EDT-S 50ML,8057971180349.0,743,75.0,21.75,,,0.0,585600.0,allbeauty.com(UK),£36.90 £738.00/L,https://www.idealo.co.uk/relocator/relocate?categoryId=3972&offerKey=7377264551a55dfffb9d2b789f80d597&offerListId=585600-C8F216ED3A0E216566262CDEB231C82F&pos=5&price=36.90&productid=585600&sid=28942&type=offer
01-DG-LB-TS50-UK,D&G LIGHT BLUE EDT-S 50ML,8057971180349.0,743,75.0,21.75,,,0.0,585600.0,Perfumeclick.co.uk,£37.35 £747.00/L,https://www.idealo.co.uk/relocator/relocate?categoryId=3972&offerKey=4f5917510ed32ca60611498a17685ae0&offerListId=585600-C8F216ED3A0E216566262CDEB231C82F&pos=6&price=37.35&productid=585600&sid=69736&type=offer
01-DG-LB-TS50-UK,D&G LIGHT BLUE EDT-S 50ML,8057971180349.0,743,75.0,21.75,,,0.0,585600.0,amazon.co.uk,£37.93 £758.60/L,https://www.idealo.co.uk/relocator/relocate?categoryId=3972&offerKey=03e95aa9355392f06469b05e6acc8afb&offerListId=585600-C8F216ED3A0E216566262CDEB231C82F&pos=7&price=37.93&productid=585600&sid=12004&type=offer
01-DG-LB-TS50-UK,D&G LIGHT BLUE EDT-S 50ML,8057971180349.0,743,75.0,21.75,,,0.0,585600.0,onbuy.com,£37.93 £758.60/L,https://www.idealo.co.uk/relocator/relocate?categoryId=3972&offerKey=1096505730023449bf67d234c47a568c&offerListId=585600-C8F216ED3A0E216566262CDEB231C82F&pos=8&price=37.93&productid=585600&sid=316895&type=offer
01-DG-LB-TS50-UK,D&G LIGHT BLUE EDT-S 50ML,8057971180349.0,743,75.0,21.75,,,0.0,585600.0,onbuy.com,£37.93 £758.60/L,https://www.idealo.co.uk/relocator/relocate?categoryId=3972&offerKey=178117fcaab894987dbec1ccd0417712&offerListId=585600-C8F216ED3A0E216566262CDEB231C82F&pos=9&price=37.93&productid=585600&sid=316895&type=offer
01-DG-LB-TS50-UK,D&G LIGHT BLUE EDT-S 50ML,8057971180349.0,743,75.0,21.75,,,0.0,585600.0,bodycareonline.co.uk,£37.99 £759.80/L,https://www.idealo.co.uk/relocator/relocate?categoryId=3972&offerKey=1651e2f378a1973bcdd3a9905deb23f3&offerListId=585600-C8F216ED3A0E216566262CDEB231C82F&pos=10&price=37.99&productid=585600&sid=332851&type=offer
01-DG-LB-TS50-UK,D&G LIGHT BLUE EDT-S 50ML,8057971180349.0,743,75.0,21.75,,,0.0,585600.0,Dressinn.com (UK),£38.49 £769.80/L,https://www.idealo.co.uk/relocator/relocate?categoryId=3972&offerKey=404b694ddd6b31324f4567ebb6d9ab3c&offerListId=585600-C8F216ED3A0E216566262CDEB231C82F&pos=11&price=38.49&productid=585600&sid=318629&type=offer
01-DG-LB-TS50-UK,D&G LIGHT BLUE EDT-S 50ML,8057971180349.0,743,75.0,21.75,,,0.0,585600.0,secretsales.com (UK),£38.79 £775.80/L,https://www.idealo.co.uk/relocator/relocate?categoryId=3972&offerKey=6266e47685a96a31468245400de32cca&offerListId=585600-C8F216ED3A0E216566262CDEB231C82F&pos=12&price=38.79&productid=585600&sid=324015&type=offer
01-DG-LB-TS50-UK,D&G LIGHT BLUE EDT-S 50ML,8057971180349.0,743,75.0,21.75,,,0.0,585600.0,secretsales.com (UK),£38.79 £775.80/L,https://www.idealo.co.uk/relocator/relocate?categoryId=3972&offerKey=afcfc729582e3c20fd05a8892699ebf1&offerListId=585600-C8F216ED3A0E216566262CDEB231C82F&pos=13&price=38.79&productid=585600&sid=324015&type=offer
01-DG-LB-TS50-UK,D&G LIGHT BLUE EDT-S 50ML,8057971180349.0,743,75.0,21.75,,,0.0,585600.0,beautybase.com(UK),£39.95 £799.00/L,https://www.idealo.co.uk/relocator/relocate?categoryId=3972&offerKey=fefb6ac760d91bb638a22087dee546f3&offerListId=585600-C8F216ED3A0E216566262CDEB231C82F&pos=14&price=39.95&productid=585600&sid=299115&type=offer
01-DG-LB-TS50-UK,D&G LIGHT BLUE EDT-S 50ML,8057971180349.0,743,75.0,21.75,,,0.0,585600.0,gorgeousshop.com (UK),£42.00 £840.00/L,https://www.idealo.co.uk/relocator/relocate?categoryId=3972&offerKey=3fdeb2b914d97790741b3c837cf8c732&offerListId=585600-C8F216ED3A0E216566262CDEB231C82F&pos=15&price=42.00&productid=585600&sid=28273&type=offer
01-DG-LB-TS50-UK,D&G LIGHT BLUE EDT-S 50ML,8057971180349.0,743,75.0,21.75,,,0.0,585600.0,Scentsationalperfumes.com,£42.50 £850.00/L,https://www.idealo.co.uk/relocator/relocate?categoryId=3972&offerKey=b9594ede637442b68862b0576578ced3&offerListId=585600-C8F216ED3A0E216566262CDEB231C82F&pos=16&price=42.50&productid=585600&sid=282041&type=offer
01-DG-LB-TS50-UK,D&G LIGHT BLUE EDT-S 50ML,8057971180349.0,743,75.0,21.75,,,0.0,585600.0,onbuy.com,£43.79 £875.80/L,https://www.idealo.co.uk/relocator/relocate?categoryId=3972&offerKey=e28ce4b7aed58181e08ebaeb6e43ea51&offerListId=585600-C8F216ED3A0E216566262CDEB231C82F&pos=17&price=43.79&productid=585600&sid=316895&type=offer
01-DG-LB-TS50-UK,D&G LIGHT BLUE EDT-S 50ML,8057971180349.0,743,75.0,21.75,,,0.0,585600.0,Amazon-marketplace.co.uk,£43.99 £879.80/L,https://www.idealo.co.uk/relocator/relocate?categoryId=3972&offerKey=3642fcffd80ba2e8c4dcef8cb8ee14f6&offerListId=585600-C8F216ED3A0E216566262CDEB231C82F&pos=18&price=43.99&productid=585600&sid=22828&type=offer
01-DG-LB-TS50-UK,D&G LIGHT BLUE EDT-S 50ML,8057971180349.0,743,75.0,21.75,,,0.0,585600.0,cazaar.co.uk,£48.38 £967.60/L,https://www.idealo.co.uk/relocator/relocate?categoryId=3972&offerKey=8b2265c86dfdd206f269cd1d17c83189&offerListId=585600-C8F216ED3A0E216566262CDEB231C82F&pos=19&price=48.38&productid=585600&sid=331015&type=offer
01-DG-LB-TS50-UK,D&G LIGHT BLUE EDT-S 50ML,8057971180349.0,743,75.0,21.75,,,0.0,585600.0,ebay.co.uk,£33.16 £663.20/L,https://www.idealo.co.uk/relocator/relocate?categoryId=3972&offerKey=ebc4c99a374f9ed7c180ed9806ff875b&offerListId=585600-C8F216ED3A0E216566262CDEB231C82F&pos=1&price=33.16&productid=585600&sid=22818&type=offer
01-DG-LB-TS50-UK,D&G LIGHT BLUE EDT-S 50ML,8057971180349.0,743,75.0,21.75,,,0.0,585600.0,groupon.co.uk,£35.50 £710.00/L,https://www.idealo.co.uk/relocator/relocate?categoryId=3972&offerKey=e6f8fc77e668eaa434ca402bdde08998&offerListId=585600-C8F216ED3A0E216566262CDEB231C82F&pos=2&price=35.50&productid=585600&sid=313205&type=offer
01-DG-LB-TS50-UK,D&G LIGHT BLUE EDT-S 50ML,8057971180349.0,743,75.0,21.75,,,0.0,585600.0,cosmetify.com,£35.99 £719.80/L,https://www.idealo.co.uk/relocator/relocate?categoryId=3972&offerKey=5cc45b6cb28f1100ef022f9fed9d7448&offerListId=585600-C8F216ED3A0E216566262CDEB231C82F&pos=3&price=35.99&productid=585600&sid=329503&type=offer
01-DG-LB-TS50-UK,D&G LIGHT BLUE EDT-S 50ML,8057971180349.0,743,75.0,21.75,,,0.0,585600.0,parfumdreams.co.uk,£36.90 £738.00/L,https://www.idealo.co.uk/relocator/relocate?categoryId=3972&offerKey=820cb62dcaae316f67a518a614629c8b&offerListId=585600-C8F216ED3A0E216566262CDEB231C82F&pos=4&price=36.90&productid=585600&sid=316458&type=offer
01-DG-LB-TS50-UK,D&G LIGHT BLUE EDT-S 50ML,8057971180349.0,743,75.0,21.75,,,0.0,585600.0,allbeauty.com(UK),£36.90 £738.00/L,https://www.idealo.co.uk/relocator/relocate?categoryId=3972&offerKey=7377264551a55dfffb9d2b789f80d597&offerListId=585600-C8F216ED3A0E216566262CDEB231C82F&pos=5&price=36.90&productid=585600&sid=28942&type=offer
01-DG-LB-TS50-UK,D&G LIGHT BLUE EDT-S 50ML,8057971180349.0,743,75.0,21.75,,,0.0,585600.0,Perfumeclick.co.uk,£37.35 £747.00/L,https://www.idealo.co.uk/relocator/relocate?categoryId=3972&offerKey=4f5917510ed32ca60611498a17685ae0&offerListId=585600-C8F216ED3A0E216566262CDEB231C82F&pos=6&price=37.35&productid=585600&sid=69736&type=offer
01-DG-LB-TS50-UK,D&G LIGHT BLUE EDT-S 50ML,8057971180349.0,743,75.0,21.75,,,0.0,585600.0,amazon.co.uk,£37.93 £758.60/L,https://www.idealo.co.uk/relocator/relocate?categoryId=3972&offerKey=03e95aa9355392f06469b05e6acc8afb&offerListId=585600-C8F216ED3A0E216566262CDEB231C82F&pos=7&price=37.93&productid=585600&sid=12004&type=offer
01-DG-LB-TS50-UK,D&G LIGHT BLUE EDT-S 50ML,8057971180349.0,743,75.0,21.75,,,0.0,585600.0,onbuy.com,£37.93 £758.60/L,https://www.idealo.co.uk/relocator/relocate?categoryId=3972&offerKey=1096505730023449bf67d234c47a568c&offerListId=585600-C8F216ED3A0E216566262CDEB231C82F&pos=8&price=37.93&productid=585600&sid=316895&type=offer
01-DG-LB-TS50-UK,D&G LIGHT BLUE EDT-S 50ML,8057971180349.0,743,75.0,21.75,,,0.0,585600.0,onbuy.com,£37.93 £758.60/L,https://www.idealo.co.uk/relocator/relocate?categoryId=3972&offerKey=178117fcaab894987dbec1ccd0417712&offerListId=585600-C8F216ED3A0E216566262CDEB231C82F&pos=9&price=37.93&productid=585600&sid=316895&type=offer
01-DG-LB-TS50-UK,D&G LIGHT BLUE EDT-S 50ML,8057971180349.0,743,75.0,21.75,,,0.0,585600.0,bodycareonline.co.uk,£37.99 £759.80/L,https://www.idealo.co.uk/relocator/relocate?categoryId=3972&offerKey=1651e2f378a1973bcdd3a9905deb23f3&offerListId=585600-C8F216ED3A0E216566262CDEB231C82F&pos=10&price=37.99&productid=585600&sid=332851&type=offer
01-DG-LB-TS50-UK,D&G LIGHT BLUE EDT-S 50ML,8057971180349.0,743,75.0,21.75,,,0.0,585600.0,Dressinn.com (UK),£38.49 £769.80/L,https://www.idealo.co.uk/relocator/relocate?categoryId=3972&offerKey=404b694ddd6b31324f4567ebb6d9ab3c&offerListId=585600-C8F216ED3A0E216566262CDEB231C82F&pos=11&price=38.49&productid=585600&sid=318629&type=offer
01-DG-LB-TS50-UK,D&G LIGHT BLUE EDT-S 50ML,8057971180349.0,743,75.0,21.75,,,0.0,585600.0,secretsales.com (UK),£38.79 £775.80/L,https://www.idealo.co.uk/relocator/relocate?categoryId=3972&offerKey=6266e47685a96a31468245400de32cca&offerListId=585600-C8F216ED3A0E216566262CDEB231C82F&pos=12&price=38.79&productid=585600&sid=324015&type=offer
01-DG-LB-TS50-UK,D&G LIGHT BLUE EDT-S 50ML,8057971180349.0,743,75.0,21.75,,,0.0,585600.0,secretsales.com (UK),£38.79 £775.80/L,https://www.idealo.co.uk/relocator/relocate?categoryId=3972&offerKey=afcfc729582e3c20fd05a8892699ebf1&offerListId=585600-C8F216ED3A0E216566262CDEB231C82F&pos=13&price=38.79&productid=585600&sid=324015&type=offer
01-DG-LB-TS50-UK,D&G LIGHT BLUE EDT-S 50ML,8057971180349.0,743,75.0,21.75,,,0.0,585600.0,beautybase.com(UK),£39.95 £799.00/L,https://www.idealo.co.uk/relocator/relocate?categoryId=3972&offerKey=fefb6ac760d91bb638a22087dee546f3&offerListId=585600-C8F216ED3A0E216566262CDEB231C82F&pos=14&price=39.95&productid=585600&sid=299115&type=offer
01-DG-LB-TS50-UK,D&G LIGHT BLUE EDT-S 50ML,8057971180349.0,743,75.0,21.75,,,0.0,585600.0,gorgeousshop.com (UK),£42.00 £840.00/L,https://www.idealo.co.uk/relocator/relocate?categoryId=3972&offerKey=3fdeb2b914d97790741b3c837cf8c732&offerListId=585600-C8F216ED3A0E216566262CDEB231C82F&pos=15&price=42.00&productid=585600&sid=28273&type=offer
01-DG-LB-TS50-UK,D&G LIGHT BLUE EDT-S 50ML,8057971180349.0,743,75.0,21.75,,,0.0,585600.0,Scentsationalperfumes.com,£42.50 £850.00/L,https://www.idealo.co.uk/relocator/relocate?categoryId=3972&offerKey=b9594ede637442b68862b0576578ced3&offerListId=585600-C8F216ED3A0E216566262CDEB231C82F&pos=16&price=42.50&productid=585600&sid=282041&type=offer
01-DG-LB-TS50-UK,D&G LIGHT BLUE EDT-S 50ML,8057971180349.0,743,75.0,21.75,,,0.0,585600.0,onbuy.com,£43.79 £875.80/L,https://www.idealo.co.uk/relocator/relocate?categoryId=3972&offerKey=e28ce4b7aed58181e08ebaeb6e43ea51&offerListId=585600-C8F216ED3A0E216566262CDEB231C82F&pos=17&price=43.79&productid=585600&sid=316895&type=offer
01-DG-LB-TS50-UK,D&G LIGHT BLUE EDT-S 50ML,8057971180349.0,743,75.0,21.75,,,0.0,585600.0,Amazon-marketplace.co.uk,£43.99 £879.80/L,https://www.idealo.co.uk/relocator/relocate?categoryId=3972&offerKey=3642fcffd80ba2e8c4dcef8cb8ee14f6&offerListId=585600-C8F216ED3A0E216566262CDEB231C82F&pos=18&price=43.99&productid=585600&sid=22828&type=offer
01-DG-LB-TS50-UK,D&G LIGHT BLUE EDT-S 50ML,8057971180349.0,743,75.0,21.75,,,0.0,585600.0,cazaar.co.uk,£48.38 £967.60/L,https://www.idealo.co.uk/relocator/relocate?categoryId=3972&offerKey=8b2265c86dfdd206f269cd1d17c83189&offerListId=585600-C8F216ED3A0E216566262CDEB231C82F&pos=19&price=48.38&productid=585600&sid=331015&type=offer
01-DG-NO3-TS100,D&G L'IMPERATRICE EDT-S 100ML,8057971182053.0,1000+,66.0,22.95,,,0.0,201519712.0,debenhams.com,£29.50 £295.00/L,https://www.idealo.co.uk/relocator/relocate?categoryId=3972&offerKey=22dabdcdd5d4eddfc7066afaa82f2b97&offerListId=201519712-DA3433C24CE6EDE80D66507CD3DF8799&pos=1&price=29.50&productid=201519712&sid=324109&type=offer
01-DG-NO3-TS100,D&G L'IMPERATRICE EDT-S 100ML,8057971182053.0,1000+,66.0,22.95,,,0.0,201519712.0,allbeauty.com(UK),£31.95 £319.50/L,https://www.idealo.co.uk/relocator/relocate?categoryId=3972&offerKey=ff3b76e2be460af1322593dfda824493&offerListId=201519712-DA3433C24CE6EDE80D66507CD3DF8799&pos=2&price=31.95&productid=201519712&sid=28942&type=offer
01-DG-NO3-TS100,D&G L'IMPERATRICE EDT-S 100ML,8057971182053.0,1000+,66.0,22.95,,,0.0,201519712.0,amazon.co.uk,£32.00 £320.00/L,https://www.idealo.co.uk/relocator/relocate?categoryId=3972&offerKey=3edaa79f9b60d72707c252552d5a41c3&offerListId=201519712-DA3433C24CE6EDE80D66507CD3DF8799&pos=3&price=32.00&productid=201519712&sid=12004&type=offer
01-DG-NO3-TS100,D&G L'IMPERATRICE EDT-S 100ML,8057971182053.0,1000+,66.0,22.95,,,0.0,201519712.0,sephora.co.uk,£35.70 £357.00/L,https://www.idealo.co.uk/relocator/relocate?categoryId=3972&offerKey=c1da29d4eff796cc2a4271c082531754&offerListId=201519712-DA3433C24CE6EDE80D66507CD3DF8799&pos=4&price=35.70&productid=201519712&sid=27998&type=offer
01-DG-NO3-TS100,D&G L'IMPERATRICE EDT-S 100ML,8057971182053.0,1000+,66.0,22.95,,,0.0,201519712.0,Boots.com (UK),£35.70 £357.00/L,https://www.idealo.co.uk/relocator/relocate?categoryId=3972&offerKey=8f5f62490baca80cf59768a6c8959806&offerListId=201519712-DA3433C24CE6EDE80D66507CD3DF8799&pos=5&price=35.70&productid=201519712&sid=27286&type=offer
01-DG-NO3-TS100,D&G L'IMPERATRICE EDT-S 100ML,8057971182053.0,1000+,66.0,22.95,,,0.0,201519712.0,Fragrancedirect.co.uk,£35.95 £359.50/L,https://www.idealo.co.uk/relocator/relocate?categoryId=3972&offerKey=5c9ea9d308f124a572d820762402e732&offerListId=201519712-DA3433C24CE6EDE80D66507CD3DF8799&pos=6&price=35.95&productid=201519712&sid=21971&type=offer
01-DG-NO3-TS100,D&G L'IMPERATRICE EDT-S 100ML,8057971182053.0,1000+,66.0,22.95,,,0.0,201519712.0,cosmetify.com,£35.99 £359.90/L,https://www.idealo.co.uk/relocator/relocate?categoryId=3972&offerKey=c44c8e3c151465eeb855154fe8d28a6d&offerListId=201519712-DA3433C24CE6EDE80D66507CD3DF8799&pos=7&price=35.99&productid=201519712&sid=329503&type=offer
01-DG-NO3-TS100,D&G L'IMPERATRICE EDT-S 100ML,8057971182053.0,1000+,66.0,22.95,,,0.0,201519712.0,perfumedirect.com,£35.99 £359.90/L,https://www.idealo.co.uk/relocator/relocate?categoryId=3972&offerKey=5c8c72a0b7352f5630f1d52a3d1e37c1&offerListId=201519712-DA3433C24CE6EDE80D66507CD3DF8799&pos=8&price=35.99&productid=201519712&sid=318630&type=offer
01-DG-NO3-TS100,D&G L'IMPERATRICE EDT-S 100ML,8057971182053.0,1000+,66.0,22.95,,,0.0,201519712.0,Amazon-marketplace.co.uk,£36.34 £363.40/L,https://www.idealo.co.uk/relocator/relocate?categoryId=3972&offerKey=434b4e6637dbc263678f80b22ee54c63&offerListId=201519712-DA3433C24CE6EDE80D66507CD3DF8799&pos=9&price=36.34&productid=201519712&sid=22828&type=offer
01-DG-NO3-TS100,D&G L'IMPERATRICE EDT-S 100ML,8057971182053.0,1000+,66.0,22.95,,,0.0,201519712.0,ebay.co.uk,£37.46 £374.60/L,https://www.idealo.co.uk/relocator/relocate?categoryId=3972&offerKey=3933c60fa45d46779ade3bb4e0de8599&offerListId=201519712-DA3433C24CE6EDE80D66507CD3DF8799&pos=10&price=37.46&productid=201519712&sid=22818&type=offer
01-DG-NO3-TS100,D&G L'IMPERATRICE EDT-S 100ML,8057971182053.0,1000+,66.0,22.95,,,0.0,201519712.0,Perfumeclick.co.uk,£38.10 £381.00/L,https://www.idealo.co.uk/relocator/relocate?categoryId=3972&offerKey=7392c909c9fc50af09fcf7eee7128fcd&offerListId=201519712-DA3433C24CE6EDE80D66507CD3DF8799&pos=11&price=38.10&productid=201519712&sid=69736&type=offer
01-DG-NO3-TS100,D&G L'IMPERATRICE EDT-S 100ML,8057971182053.0,1000+,66.0,22.95,,,0.0,201519712.0,onbuy.com,£38.80 £388.00/L,https://www.idealo.co.uk/relocator/relocate?categoryId=3972&offerKey=8f6220c788227ed367c22eaccc934001&offerListId=201519712-DA3433C24CE6EDE80D66507CD3DF8799&pos=12&price=38.80&productid=201519712&sid=316895&type=offer
01-DG-NO3-TS100,D&G L'IMPERATRICE EDT-S 100ML,8057971182053.0,1000+,66.0,22.95,,,0.0,201519712.0,Scentsationalperfumes.com,£39.50 £395.00/L,https://www.idealo.co.uk/relocator/relocate?categoryId=3972&offerKey=334208afaf0dde4e19c04dde7e692f15&offerListId=201519712-DA3433C24CE6EDE80D66507CD3DF8799&pos=13&price=39.50&productid=201519712&sid=282041&type=offer
01-DG-NO3-TS100,D&G L'IMPERATRICE EDT-S 100ML,8057971182053.0,1000+,66.0,22.95,,,0.0,201519712.0,onbuy.com,£39.97 £399.70/L,https://www.idealo.co.uk/relocator/relocate?categoryId=3972&offerKey=4fceaf7f8aa764c3f99f3f6f380a7c43&offerListId=201519712-DA3433C24CE6EDE80D66507CD3DF8799&pos=14&price=39.97&productid=201519712&sid=316895&type=offer
01-DG-NO3-TS100,D&G L'IMPERATRICE EDT-S 100ML,8057971182053.0,1000+,66.0,22.95,,,0.0,201519712.0,Dressinn.com (UK),£39.99 £399.90/L,https://www.idealo.co.uk/relocator/relocate?categoryId=3972&offerKey=c33077bf3c2b15599bee91361037ad6a&offerListId=201519712-DA3433C24CE6EDE80D66507CD3DF8799&pos=15&price=39.99&productid=201519712&sid=318629&type=offer
01-DG-NO3-TS100,D&G L'IMPERATRICE EDT-S 100ML,8057971182053.0,1000+,66.0,22.95,,,0.0,201519712.0,beautybase.com(UK),£40.00 £400.00/L,https://www.idealo.co.uk/relocator/relocate?categoryId=3972&offerKey=a5056fb0abf46ff5adda340e15606d7d&offerListId=201519712-DA3433C24CE6EDE80D66507CD3DF8799&pos=16&price=40.00&productid=201519712&sid=299115&type=offer
01-DG-NO3-TS100,D&G L'IMPERATRICE EDT-S 100ML,8057971182053.0,1000+,66.0,22.95,,,0.0,201519712.0,escentual.com(UK),£40.90 £409.00/L,https://www.idealo.co.uk/relocator/relocate?categoryId=3972&offerKey=56bfddb10e20644ac488c292146d6a2e&offerListId=201519712-DA3433C24CE6EDE80D66507CD3DF8799&pos=17&price=40.90&productid=201519712&sid=21988&type=offer
01-DG-NO3-TS100,D&G L'IMPERATRICE EDT-S 100ML,8057971182053.0,1000+,66.0,22.95,,,0.0,201519712.0,secretsales.com (UK),£41.97 £419.70/L,https://www.idealo.co.uk/relocator/relocate?categoryId=3972&offerKey=88e22fca5db66fe18e870c243d9e6538&offerListId=201519712-DA3433C24CE6EDE80D66507CD3DF8799&pos=18&price=41.97&productid=201519712&sid=324015&type=offer
01-DG-NO3-TS100,D&G L'IMPERATRICE EDT-S 100ML,8057971182053.0,1000+,66.0,22.95,,,0.0,201519712.0,Directcosmetics.com(UK),£45.99 £459.90/L,https://www.idealo.co.uk/relocator/relocate?categoryId=3972&offerKey=b717524d3f463cad76e1962f763325e9&offerListId=201519712-DA3433C24CE6EDE80D66507CD3DF8799&pos=19&price=45.99&productid=201519712&sid=24317&type=offer
01-DG-NO3-TS100,D&G L'IMPERATRICE EDT-S 100ML,8057971182053.0,1000+,66.0,22.95,,,0.0,201519712.0,cazaar.co.uk,£47.30 £473.00/L,https://www.idealo.co.uk/relocator/relocate?categoryId=3972&offerKey=fd7fb81864707fccb46ca88d4d09d4fa&offerListId=201519712-DA3433C24CE6EDE80D66507CD3DF8799&pos=20&price=47.30&productid=201519712&sid=331015&type=offer
01-DG-ONE-20998-UK,D&G THE ONE EDP-S 50ML,3423473020998.0,161,91.0,33.95,,,0.0,606875.0,ebay.co.uk,£48.76 £975.20/L,https://www.idealo.co.uk/relocator/relocate?categoryId=3972&offerKey=f78e7d44223fc8155b563cf1853b5377&offerListId=606875-E113FB87DD589BB67149F8A7F777D155&pos=1&price=48.76&productid=606875&sid=22818&type=offer
01-DG-Q-PS50-UK,D&G Q EDP-S 50ML,8057971183654.0,422,89.0,24.95,,,0.0,202311411.0,Clearchemist.co.uk,£38.41 £768.20/L,https://www.idealo.co.uk/relocator/relocate?categoryId=3972&offerKey=a4fc45b6b5693b06bace4010cc2cb8cc&offerListId=202311411-85D152A17B55E9373D6178E44D072E88&pos=1&price=38.41&productid=202311411&sid=289670&type=offer
01-DG-Q-PS50-UK,D&G Q EDP-S 50ML,8057971183654.0,422,89.0,24.95,,,0.0,202311411.0,cosmetify.com,£42.21 £844.20/L,https://www.idealo.co.uk/relocator/relocate?categoryId=3972&offerKey=b060c554cdb6898eead1f89177f76362&offerListId=202311411-85D152A17B55E9373D6178E44D072E88&pos=2&price=42.21&productid=202311411&sid=329503&type=offer
01-DG-Q-PS50-UK,D&G Q EDP-S 50ML,8057971183654.0,422,89.0,24.95,,,0.0,202311411.0,parfumdreams.co.uk,£44.50 £890.00/L,https://www.idealo.co.uk/relocator/relocate?categoryId=3972&offerKey=80c766dd985dccdc32f7432163151840&offerListId=202311411-85D152A17B55E9373D6178E44D072E88&pos=3&price=44.50&productid=202311411&sid=316458&type=offer
01-DG-Q-PS50-UK,D&G Q EDP-S 50ML,8057971183654.0,422,89.0,24.95,,,0.0,202311411.0,debenhams.com,£44.50 £890.00/L,https://www.idealo.co.uk/relocator/relocate?categoryId=3972&offerKey=49224e78a8e5e29873b50fd4d7f67710&offerListId=202311411-85D152A17B55E9373D6178E44D072E88&pos=4&price=44.50&productid=202311411&sid=324109&type=offer
01-DG-Q-PS50-UK,D&G Q EDP-S 50ML,8057971183654.0,422,89.0,24.95,,,0.0,202311411.0,secretsales.com (UK),£45.59 £911.80/L,https://www.idealo.co.uk/relocator/relocate?categoryId=3972&offerKey=05cfff243caed548cea6f00dd76900c0&offerListId=202311411-85D152A17B55E9373D6178E44D072E88&pos=5&price=45.59&productid=202311411&sid=324015&type=offer
01-DG-Q-PS50-UK,D&G Q EDP-S 50ML,8057971183654.0,422,89.0,24.95,,,0.0,202311411.0,ebay.co.uk,£45.99 £919.80/L,https://www.idealo.co.uk/relocator/relocate?categoryId=3972&offerKey=894a874f456b85b2483dd365068dcd73&offerListId=202311411-85D152A17B55E9373D6178E44D072E88&pos=6&price=45.99&productid=202311411&sid=22818&type=offer
01-DI-FFL-PS50,DIESEL FUEL 4 LIFE WOMAN EDP-S 50ML,3605520385568.0,1000+,65.0,11.75,,,0.0,869187.0,cosmetify.com,£18.25 £365.00/L,https://www.idealo.co.uk/relocator/relocate?categoryId=3972&offerKey=7a0cbd642feff527496b38041a680f4e&offerListId=869187-00F953A65C54E488C46061E3EF902674&pos=1&price=18.25&productid=869187&sid=329503&type=offer
01-DI-FFL-PS50,DIESEL FUEL 4 LIFE WOMAN EDP-S 50ML,3605520385568.0,1000+,65.0,11.75,,,0.0,869187.0,Perfumeclick.co.uk,£20.60 £412.00/L,https://www.idealo.co.uk/relocator/relocate?categoryId=3972&offerKey=1b6dffd2eaffb669ad1e3222082e8ece&offerListId=869187-00F953A65C54E488C46061E3EF902674&pos=2&price=20.60&productid=869187&sid=69736&type=offer
01-DI-FFL-PS50,DIESEL FUEL 4 LIFE WOMAN EDP-S 50ML,3605520385568.0,1000+,65.0,11.75,,,0.0,869187.0,ebay.co.uk,£21.79 £435.80/L,https://www.idealo.co.uk/relocator/relocate?categoryId=3972&offerKey=aaefb95e71a1cf920fedccc8860ddfc6&offerListId=869187-00F953A65C54E488C46061E3EF902674&pos=3&price=21.79&productid=869187&sid=22818&type=offer
01-DI-FFL-PS50,DIESEL FUEL 4 LIFE WOMAN EDP-S 50ML,3605520385568.0,1000+,65.0,11.75,,,0.0,869187.0,groupon.co.uk,£28.49 £569.80/L,https://www.idealo.co.uk/relocator/relocate?categoryId=3972&offerKey=eddbc0ca40706364eb6343f072ccc5e2&offerListId=869187-00F953A65C54E488C46061E3EF902674&pos=4&price=28.49&productid=869187&sid=313205&type=offer
01-DI-FFL-PS50,DIESEL FUEL 4 LIFE WOMAN EDP-S 50ML,3605520385568.0,1000+,65.0,11.75,,,0.0,869187.0,my-origines.com(UK),£28.95 £579.00/L,https://www.idealo.co.uk/relocator/relocate?categoryId=3972&offerKey=aba305b4c584cc015ea89c91c176670c&offerListId=869187-00F953A65C54E488C46061E3EF902674&pos=5&price=28.95&productid=869187&sid=328503&type=offer
01-DI-FFL-PS50,DIESEL FUEL 4 LIFE WOMAN EDP-S 50ML,3605520385568.0,1000+,65.0,11.75,,,0.0,869187.0,,£33.66 £673.20/L,https://www.idealo.co.uk/relocator/relocate?categoryId=3972&offerKey=316bf1d59cc533e8bcd48150ffd63d71&offerListId=869187-00F953A65C54E488C46061E3EF902674&pos=6&price=33.66&productid=869187&sid=307734&type=offer
01-DI-FFL-PS50,DIESEL FUEL 4 LIFE WOMAN EDP-S 50ML,3605520385568.0,1000+,65.0,11.75,,,0.0,869187.0,amazon.co.uk,£41.00 £820.00/L,https://www.idealo.co.uk/relocator/relocate?categoryId=3972&offerKey=2c8d11242b45bf5d2842ebaff719612c&offerListId=869187-00F953A65C54E488C46061E3EF902674&pos=7&price=41.00&productid=869187&sid=12004&type=offer
01-DI-FFL-PS50,DIESEL FUEL 4 LIFE WOMAN EDP-S 50ML,3605520385568.0,1000+,65.0,11.75,,,0.0,869187.0,Boots.com (UK),£41.00 £820.00/L,https://www.idealo.co.uk/relocator/relocate?categoryId=3972&offerKey=92b33a4f465c36003d00862c7ba1bda2&offerListId=869187-00F953A65C54E488C46061E3EF902674&pos=8&price=41.00&productid=869187&sid=27286&type=offer
01-DI-FFL-PS50,DIESEL FUEL 4 LIFE WOMAN EDP-S 50ML,3605520385568.0,1000+,65.0,11.75,,,0.0,869187.0,allbeauty.com(UK),£47.95 £959.00/L,https://www.idealo.co.uk/relocator/relocate?categoryId=3972&offerKey=3d5ec0d34300c1d99eb98bdf07c7cf09&offerListId=869187-00F953A65C54E488C46061E3EF902674&pos=9&price=47.95&productid=869187&sid=28942&type=offer
01-DI-LOV-PS75-UK,DIESEL LOVERDOSE EDP-S 75ML,3605521132499.0,297,66.0,19.95,,,0.0,2785002.0,Perfumeclick.co.uk,£28.20 £376.00/L,https://www.idealo.co.uk/relocator/relocate?categoryId=3972&offerKey=7e44837b8687160c8bd0abbd2ae81815&offerListId=2785002-50241D2C80AA5D853A315A774F7C7128&pos=1&price=28.20&productid=2785002&sid=69736&type=offer
01-DI-LOV-PS75-UK,DIESEL LOVERDOSE EDP-S 75ML,3605521132499.0,297,66.0,19.95,,,0.0,2785002.0,cosmetify.com,£29.61 £394.80/L,https://www.idealo.co.uk/relocator/relocate?categoryId=3972&offerKey=71bfdf429f5d14448b6aff2653a2cab2&offerListId=2785002-50241D2C80AA5D853A315A774F7C7128&pos=2&price=29.61&productid=2785002&sid=329503&type=offer
01-DI-LOV-PS75-UK,DIESEL LOVERDOSE EDP-S 75ML,3605521132499.0,297,66.0,19.95,,,0.0,2785002.0,ebay.co.uk,£32.98 £439.73/L,https://www.idealo.co.uk/relocator/relocate?categoryId=3972&offerKey=657497f260c8fb8aaa9910286463bd52&offerListId=2785002-50241D2C80AA5D853A315A774F7C7128&pos=3&price=32.98&productid=2785002&sid=22818&type=offer
01-DI-LOV-PS75-UK,DIESEL LOVERDOSE EDP-S 75ML,3605521132499.0,297,66.0,19.95,,,0.0,2785002.0,onbuy.com,£33.99 £453.20/L,https://www.idealo.co.uk/relocator/relocate?categoryId=3972&offerKey=793c6a1498d24a9dfe3619db69f5bac9&offerListId=2785002-50241D2C80AA5D853A315A774F7C7128&pos=4&price=33.99&productid=2785002&sid=316895&type=offer
01-DI-LOV-PS75-UK,DIESEL LOVERDOSE EDP-S 75ML,3605521132499.0,297,66.0,19.95,,,0.0,2785002.0,perfumeprice.co.uk,£36.95 £492.67/L,https://www.idealo.co.uk/relocator/relocate?categoryId=3972&offerKey=8dee08a5ee96c282b1500dec97f0294b&offerListId=2785002-50241D2C80AA5D853A315A774F7C7128&pos=5&price=36.95&productid=2785002&sid=321700&type=offer
01-DI-LOV-PS75-UK,DIESEL LOVERDOSE EDP-S 75ML,3605521132499.0,297,66.0,19.95,,,0.0,2785002.0,perfumedirect.com,£44.99 £599.87/L,https://www.idealo.co.uk/relocator/relocate?categoryId=3972&offerKey=8f95c8c25eaece32979aabe9e7fe4622&offerListId=2785002-50241D2C80AA5D853A315A774F7C7128&pos=6&price=44.99&productid=2785002&sid=318630&type=offer
01-DI-LOV-PS75-UK,DIESEL LOVERDOSE EDP-S 75ML,3605521132499.0,297,66.0,19.95,,,0.0,2785002.0,my-origines.com(UK),£46.95 £626.00/L,https://www.idealo.co.uk/relocator/relocate?categoryId=3972&offerKey=de28611995a2f39c04dffc970770dcbd&offerListId=2785002-50241D2C80AA5D853A315A774F7C7128&pos=7&price=46.95&productid=2785002&sid=328503&type=offer
01-DI-LOV-PS75-UK,DIESEL LOVERDOSE EDP-S 75ML,3605521132499.0,297,66.0,19.95,,,0.0,2785002.0,onbuy.com,£49.94 £665.87/L,https://www.idealo.co.uk/relocator/relocate?categoryId=3972&offerKey=47bb9526eff85ced5a6d1c7b6ad053c2&offerListId=2785002-50241D2C80AA5D853A315A774F7C7128&pos=8&price=49.94&productid=2785002&sid=316895&type=offer
01-DI-LOV-PS75-UK,DIESEL LOVERDOSE EDP-S 75ML,3605521132499.0,297,66.0,19.95,,,0.0,2785002.0,,£52.48 £699.73/L,https://www.idealo.co.uk/relocator/relocate?categoryId=3972&offerKey=ae3dd75ea504f3476b0dde36f8c0ae73&offerListId=2785002-50241D2C80AA5D853A315A774F7C7128&pos=9&price=52.48&productid=2785002&sid=307734&type=offer
01-DI-LOV-PS75-UK,DIESEL LOVERDOSE EDP-S 75ML,3605521132499.0,297,66.0,19.95,,,0.0,2785002.0,parfumdreams.co.uk,£52.48 £699.73/L,https://www.idealo.co.uk/relocator/relocate?categoryId=3972&offerKey=850316b89ef979d89d0e6b4fb03da39c&offerListId=2785002-50241D2C80AA5D853A315A774F7C7128&pos=10&price=52.48&productid=2785002&sid=316458&type=offer
01-DI-LOV-PS75-UK,DIESEL LOVERDOSE EDP-S 75ML,3605521132499.0,297,66.0,19.95,,,0.0,2785002.0,Fragrancedirect.co.uk,£55.95 £746.00/L,https://www.idealo.co.uk/relocator/relocate?categoryId=3972&offerKey=b1977e9cf12159a04dea74f8608f1c28&offerListId=2785002-50241D2C80AA5D853A315A774F7C7128&pos=11&price=55.95&productid=2785002&sid=21971&type=offer
01-DI-LOV-PS75-UK,DIESEL LOVERDOSE EDP-S 75ML,3605521132499.0,297,66.0,19.95,,,0.0,2785002.0,allbeauty.com(UK),£57.95 £772.67/L,https://www.idealo.co.uk/relocator/relocate?categoryId=3972&offerKey=057ff0baaa86b7da9a4fd53bbfdd469d&offerListId=2785002-50241D2C80AA5D853A315A774F7C7128&pos=12&price=57.95&productid=2785002&sid=28942&type=offer
01-DI-LOV-PS75-UK,DIESEL LOVERDOSE EDP-S 75ML,3605521132499.0,297,66.0,19.95,,,0.0,2785002.0,amazon.co.uk,£60.19 £802.53/L,https://www.idealo.co.uk/relocator/relocate?categoryId=3972&offerKey=4a1a79a9d1b41e5079c1c065eb8df3e0&offerListId=2785002-50241D2C80AA5D853A315A774F7C7128&pos=13&price=60.19&productid=2785002&sid=12004&type=offer
01-DI-LOV-PS75-UK,DIESEL LOVERDOSE EDP-S 75ML,3605521132499.0,297,66.0,19.95,,,0.0,2785002.0,Dressinn.com (UK),£60.49 £806.53/L,https://www.idealo.co.uk/relocator/relocate?categoryId=3972&offerKey=45bc5a7500fb1a58a84c39eb4f3512e8&offerListId=2785002-50241D2C80AA5D853A315A774F7C7128&pos=14&price=60.49&productid=2785002&sid=318629&type=offer
01-DI-LOV-PS75-UK,DIESEL LOVERDOSE EDP-S 75ML,3605521132499.0,297,66.0,19.95,,,0.0,2785002.0,escentual.com(UK),£66.00 £880.00/L,https://www.idealo.co.uk/relocator/relocate?categoryId=3972&offerKey=224a626be0d53519586e697efb14311c&offerListId=2785002-50241D2C80AA5D853A315A774F7C7128&pos=15&price=66.00&productid=2785002&sid=21988&type=offer
01-DK-BDOS-PS50,DKNY BE DELICIOUS ORCHARD STREET EDP-S 50ML,85715950420.0,1000+,62.0,15.95,,,0.0,203142525.0,Perfumeclick.co.uk,£24.25 £485.00/L,https://www.idealo.co.uk/relocator/relocate?categoryId=3972&offerKey=d3fba9f5d53a3ee334bd3f1fcfeb8191&offerListId=203142525-C964D26E9D685FAD9A23A5E2A95A07BB&pos=1&price=24.25&productid=203142525&sid=69736&type=offer
01-DK-BDOS-PS50,DKNY BE DELICIOUS ORCHARD STREET EDP-S 50ML,85715950420.0,1000+,62.0,15.95,,,0.0,203142525.0,Thefragrancecounter.com (UK),£27.95 £559.00/L,https://www.idealo.co.uk/relocator/relocate?categoryId=3972&offerKey=2824f0492348043ad92225b8caee2912&offerListId=203142525-C964D26E9D685FAD9A23A5E2A95A07BB&pos=2&price=27.95&productid=203142525&sid=299378&type=offer
01-DK-BDOS-PS50,DKNY BE DELICIOUS ORCHARD STREET EDP-S 50ML,85715950420.0,1000+,62.0,15.95,,,0.0,203142525.0,ebay.co.uk,£28.99 £579.80/L,https://www.idealo.co.uk/relocator/relocate?categoryId=3972&offerKey=a12c7b479753ed8fe682019295314c1b&offerListId=203142525-C964D26E9D685FAD9A23A5E2A95A07BB&pos=3&price=28.99&productid=203142525&sid=22818&type=offer
01-DK-BDOS-PS50,DKNY BE DELICIOUS ORCHARD STREET EDP-S 50ML,85715950420.0,1000+,62.0,15.95,,,0.0,203142525.0,,£29.84 £596.80/L,https://www.idealo.co.uk/relocator/relocate?categoryId=3972&offerKey=cd03142002952324a80500d8d85aee09&offerListId=203142525-C964D26E9D685FAD9A23A5E2A95A07BB&pos=4&price=29.84&productid=203142525&sid=307734&type=offer
01-DK-BDOS-PS50,DKNY BE DELICIOUS ORCHARD STREET EDP-S 50ML,85715950420.0,1000+,62.0,15.95,,,0.0,203142525.0,perfumeuk.co.uk,£30.00 £600.00/L,https://www.idealo.co.uk/relocator/relocate?categoryId=3972&offerKey=3d47301ca039977e3fafa01ebdb1ec46&offerListId=203142525-C964D26E9D685FAD9A23A5E2A95A07BB&pos=5&price=30.00&productid=203142525&sid=323991&type=offer
01-DK-BDOS-PS50,DKNY BE DELICIOUS ORCHARD STREET EDP-S 50ML,85715950420.0,1000+,62.0,15.95,,,0.0,203142525.0,Tjhughes.co.uk,£30.00 £600.00/L,https://www.idealo.co.uk/relocator/relocate?categoryId=3972&offerKey=e31250706419485ecefc3f1a967d9356&offerListId=203142525-C964D26E9D685FAD9A23A5E2A95A07BB&pos=6&price=30.00&productid=203142525&sid=28759&type=offer
01-DK-BDOS-PS50,DKNY BE DELICIOUS ORCHARD STREET EDP-S 50ML,85715950420.0,1000+,62.0,15.95,,,0.0,203142525.0,my-origines.com(UK),£30.49 £609.80/L,https://www.idealo.co.uk/relocator/relocate?categoryId=3972&offerKey=5ecd2f9a8453251a2f7243f94e4bb761&offerListId=203142525-C964D26E9D685FAD9A23A5E2A95A07BB&pos=7&price=30.49&productid=203142525&sid=328503&type=offer
01-DK-BDOS-PS50,DKNY BE DELICIOUS ORCHARD STREET EDP-S 50ML,85715950420.0,1000+,62.0,15.95,,,0.0,203142525.0,Amazon-marketplace.co.uk,£30.99 £619.80/L,https://www.idealo.co.uk/relocator/relocate?categoryId=3972&offerKey=8aac6956a30c41d78b7c8f4a2777ece0&offerListId=203142525-C964D26E9D685FAD9A23A5E2A95A07BB&pos=8&price=30.99&productid=203142525&sid=22828&type=offer
01-DK-BDOS-PS50,DKNY BE DELICIOUS ORCHARD STREET EDP-S 50ML,85715950420.0,1000+,62.0,15.95,,,0.0,203142525.0,perfumedirect.com,£30.99 £619.80/L,https://www.idealo.co.uk/relocator/relocate?categoryId=3972&offerKey=77e6787d93bf061c9f1772fa63ebfe79&offerListId=203142525-C964D26E9D685FAD9A23A5E2A95A07BB&pos=9&price=30.99&productid=203142525&sid=318630&type=offer
01-DK-BDOS-PS50,DKNY BE DELICIOUS ORCHARD STREET EDP-S 50ML,85715950420.0,1000+,62.0,15.95,,,0.0,203142525.0,amazon.co.uk,£31.98 £639.60/L,https://www.idealo.co.uk/relocator/relocate?categoryId=3972&offerKey=83fb22b31e6d3a625e064c8c8952555f&offerListId=203142525-C964D26E9D685FAD9A23A5E2A95A07BB&pos=10&price=31.98&productid=203142525&sid=12004&type=offer
01-DK-BDOS-PS50,DKNY BE DELICIOUS ORCHARD STREET EDP-S 50ML,85715950420.0,1000+,62.0,15.95,,,0.0,203142525.0,onbuy.com,£35.85 £717.00/L,https://www.idealo.co.uk/relocator/relocate?categoryId=3972&offerKey=63b00dc9309c31d3d4aec53bf285a86f&offerListId=203142525-C964D26E9D685FAD9A23A5E2A95A07BB&pos=11&price=35.85&productid=203142525&sid=316895&type=offer
01-DK-BDOS-PS50,DKNY BE DELICIOUS ORCHARD STREET EDP-S 50ML,85715950420.0,1000+,62.0,15.95,,,0.0,203142525.0,escentual.com(UK),£37.00 £740.00/L,https://www.idealo.co.uk/relocator/relocate?categoryId=3972&offerKey=290c63522617d565e5b07ed5e20555eb&offerListId=203142525-C964D26E9D685FAD9A23A5E2A95A07BB&pos=12&price=37.00&productid=203142525&sid=21988&type=offer
01-DK-BDOS-PS50,DKNY BE DELICIOUS ORCHARD STREET EDP-S 50ML,85715950420.0,1000+,62.0,15.95,,,0.0,203142525.0,Very.co.uk,£37.00 £740.00/L,https://www.idealo.co.uk/relocator/relocate?categoryId=3972&offerKey=8bba69bbdd519802d91ad85be1ac0fc4&offerListId=203142525-C964D26E9D685FAD9A23A5E2A95A07BB&pos=13&price=37.00&productid=203142525&sid=25214&type=offer
01-DK-BDOS-PS50,DKNY BE DELICIOUS ORCHARD STREET EDP-S 50ML,85715950420.0,1000+,62.0,15.95,,,0.0,203142525.0,Lookfantastic.com (UK),£37.00 £740.00/L,https://www.idealo.co.uk/relocator/relocate?categoryId=3972&offerKey=8cc20763dd1051a9b62fcb5287fe9878&offerListId=203142525-C964D26E9D685FAD9A23A5E2A95A07BB&pos=14&price=37.00&productid=203142525&sid=24416&type=offer
01-DK-BDOS-PS50,DKNY BE DELICIOUS ORCHARD STREET EDP-S 50ML,85715950420.0,1000+,62.0,15.95,,,0.0,203142525.0,freemans.com (UK),£37.00 £740.00/L,https://www.idealo.co.uk/relocator/relocate?categoryId=3972&offerKey=498e9bcf18bcfccdb5ab76ef2a2a4bb7&offerListId=203142525-C964D26E9D685FAD9A23A5E2A95A07BB&pos=15&price=37.00&productid=203142525&sid=320471&type=offer
01-DK-BDOS-PS50,DKNY BE DELICIOUS ORCHARD STREET EDP-S 50ML,85715950420.0,1000+,62.0,15.95,,,0.0,203142525.0,beautybay.com (UK),£37.00 £740.00/L,https://www.idealo.co.uk/relocator/relocate?categoryId=3972&offerKey=b415c82659a251eb28f673960ca334c8&offerListId=203142525-C964D26E9D685FAD9A23A5E2A95A07BB&pos=16&price=37.00&productid=203142525&sid=28191&type=offer
01-DK-BDOS-PS50,DKNY BE DELICIOUS ORCHARD STREET EDP-S 50ML,85715950420.0,1000+,62.0,15.95,,,0.0,203142525.0,parfumdreams.co.uk,£40.55 £811.00/L,https://www.idealo.co.uk/relocator/relocate?categoryId=3972&offerKey=de687fa912c481d19e0de2ae7b86f6c9&offerListId=203142525-C964D26E9D685FAD9A23A5E2A95A07BB&pos=17&price=40.55&productid=203142525&sid=316458&type=offer
01-DK-BDOS-PS50,DKNY BE DELICIOUS ORCHARD STREET EDP-S 50ML,85715950420.0,1000+,62.0,15.95,,,0.0,203142525.0,Dressinn.com (UK),£43.49 £869.80/L,https://www.idealo.co.uk/relocator/relocate?categoryId=3972&offerKey=c3d3e97fb9c5628c30ed2e134bd1edce&offerListId=203142525-C964D26E9D685FAD9A23A5E2A95A07BB&pos=18&price=43.49&productid=203142525&sid=318629&type=offer
01-DK-BDPPB-TS50,DKNY BE DELICIOUS POOL PARTY BAY BREEZE EDT-S 50ML,85715950345.0,1000+,62.0,13.95,,,0.0,202959445.0,cosmetify.com,£23.78 £475.60/L,https://www.idealo.co.uk/relocator/relocate?categoryId=3972&offerKey=388ac346f9a7d384b94ae7f1ef9f6e43&offerListId=202959445-F20A909424E564619BC7055DDF0C1CE8&pos=1&price=23.78&productid=202959445&sid=329503&type=offer
01-DK-BDPPB-TS50,DKNY BE DELICIOUS POOL PARTY BAY BREEZE EDT-S 50ML,85715950345.0,1000+,62.0,13.95,,,0.0,202959445.0,,£23.84 £476.80/L,https://www.idealo.co.uk/relocator/relocate?categoryId=3972&offerKey=2300409b1180325e3bfc0f6b11f58937&offerListId=202959445-F20A909424E564619BC7055DDF0C1CE8&pos=2&price=23.84&productid=202959445&sid=307734&type=offer
01-DK-BDPPB-TS50,DKNY BE DELICIOUS POOL PARTY BAY BREEZE EDT-S 50ML,85715950345.0,1000+,62.0,13.95,,,0.0,202959445.0,ebay.co.uk,£26.20 £524.00/L,https://www.idealo.co.uk/relocator/relocate?categoryId=3972&offerKey=2a50ff12aa9a20d5611500aab7db10b8&offerListId=202959445-F20A909424E564619BC7055DDF0C1CE8&pos=3&price=26.20&productid=202959445&sid=22818&type=offer
01-DK-BDPP-TS50,DKNY BE DELICIOUS POOL PARTY MAI TAI EDT-S 50ML,85715950352.0,1000+,43.0,13.95,,,0.0,202959447.0,,£21.68 £433.60/L,https://www.idealo.co.uk/relocator/relocate?categoryId=3972&offerKey=ba2910036566a669f699f8f2c3b25cfd&offerListId=202959447-AC4D2ACBEBA1128CD2BB398D91E55915&pos=1&price=21.68&productid=202959447&sid=307734&type=offer
01-DK-BDPP-TS50,DKNY BE DELICIOUS POOL PARTY MAI TAI EDT-S 50ML,85715950352.0,1000+,43.0,13.95,,,0.0,202959447.0,Perfumeclick.co.uk,£23.00 £460.00/L,https://www.idealo.co.uk/relocator/relocate?categoryId=3972&offerKey=c56c7238ad37b7ecc5c400c2509b98c6&offerListId=202959447-AC4D2ACBEBA1128CD2BB398D91E55915&pos=2&price=23.00&productid=202959447&sid=69736&type=offer
01-DK-BDPP-TS50,DKNY BE DELICIOUS POOL PARTY MAI TAI EDT-S 50ML,85715950352.0,1000+,43.0,13.95,,,0.0,202959447.0,cosmetify.com,£24.15 £483.00/L,https://www.idealo.co.uk/relocator/relocate?categoryId=3972&offerKey=8270209519afd057dc320820267ce06c&offerListId=202959447-AC4D2ACBEBA1128CD2BB398D91E55915&pos=3&price=24.15&productid=202959447&sid=329503&type=offer
01-DK-BDPP-TS50,DKNY BE DELICIOUS POOL PARTY MAI TAI EDT-S 50ML,85715950352.0,1000+,43.0,13.95,,,0.0,202959447.0,ebay.co.uk,£26.20 £524.00/L,https://www.idealo.co.uk/relocator/relocate?categoryId=3972&offerKey=344d3177bb28e1d78fc80de30831b245&offerListId=202959447-AC4D2ACBEBA1128CD2BB398D91E55915&pos=4&price=26.20&productid=202959447&sid=22818&type=offer
01-DK-BDPP-TS50,DKNY BE DELICIOUS POOL PARTY MAI TAI EDT-S 50ML,85715950352.0,1000+,43.0,13.95,,,0.0,202959447.0,Amazon-marketplace.co.uk,£29.18 £583.60/L,https://www.idealo.co.uk/relocator/relocate?categoryId=3972&offerKey=140825b73620867d962233bd6be0bef2&offerListId=202959447-AC4D2ACBEBA1128CD2BB398D91E55915&pos=5&price=29.18&productid=202959447&sid=22828&type=offer
01-DK-BDPP-TS50,DKNY BE DELICIOUS POOL PARTY MAI TAI EDT-S 50ML,85715950352.0,1000+,43.0,13.95,,,0.0,202959447.0,Tjhughes.co.uk,£30.00 £600.00/L,https://www.idealo.co.uk/relocator/relocate?categoryId=3972&offerKey=5917c7d09b6edd336f48c09e636c848a&offerListId=202959447-AC4D2ACBEBA1128CD2BB398D91E55915&pos=6&price=30.00&productid=202959447&sid=28759&type=offer
01-DK-BTBL-PS100,DKNY BE TEMPTED EAU SO BLUSH EDP-S 100ML,85715950208.0,1000+,74.0,16.95,,,0.0,5319016.0,Perfumeclick.co.uk,£26.75 £267.50/L,https://www.idealo.co.uk/relocator/relocate?categoryId=3972&offerKey=992c40c41b6594a03a3a57b7b0374d72&offerListId=5319016-9D91B75D6E5C4A75C4508F64887C36EC&pos=1&price=26.75&productid=5319016&sid=69736&type=offer
01-DK-BTBL-PS100,DKNY BE TEMPTED EAU SO BLUSH EDP-S 100ML,85715950208.0,1000+,74.0,16.95,,,0.0,5319016.0,cosmetify.com,£28.09 £280.90/L,https://www.idealo.co.uk/relocator/relocate?categoryId=3972&offerKey=83f9f029619edd1f28429c415e0b9ed8&offerListId=5319016-9D91B75D6E5C4A75C4508F64887C36EC&pos=2&price=28.09&productid=5319016&sid=329503&type=offer
01-DK-BTBL-PS100,DKNY BE TEMPTED EAU SO BLUSH EDP-S 100ML,85715950208.0,1000+,74.0,16.95,,,0.0,5319016.0,notino.co.uk,£31.90 £319.00/L,https://www.idealo.co.uk/relocator/relocate?categoryId=3972&offerKey=a5f3c3108d93f2c235c1be9831329de8&offerListId=5319016-9D91B75D6E5C4A75C4508F64887C36EC&pos=3&price=31.90&productid=5319016&sid=307734&type=offer
01-DK-BTBL-PS100,DKNY BE TEMPTED EAU SO BLUSH EDP-S 100ML,85715950208.0,1000+,74.0,16.95,,,0.0,5319016.0,onbuy.com,£32.25 £322.50/L,https://www.idealo.co.uk/relocator/relocate?categoryId=3972&offerKey=f536d23b75df6d715f7cdecfd7942658&offerListId=5319016-9D91B75D6E5C4A75C4508F64887C36EC&pos=4&price=32.25&productid=5319016&sid=316895&type=offer
01-DK-BTBL-PS100,DKNY BE TEMPTED EAU SO BLUSH EDP-S 100ML,85715950208.0,1000+,74.0,16.95,,,0.0,5319016.0,ebay.co.uk,£34.49 £344.90/L,https://www.idealo.co.uk/relocator/relocate?categoryId=3972&offerKey=699d17e954d6234766f693b8572383d7&offerListId=5319016-9D91B75D6E5C4A75C4508F64887C36EC&pos=5&price=34.49&productid=5319016&sid=22818&type=offer
01-DK-BTBL-PS100,DKNY BE TEMPTED EAU SO BLUSH EDP-S 100ML,85715950208.0,1000+,74.0,16.95,,,0.0,5319016.0,Amazon-marketplace.co.uk,£34.93 £349.30/L,https://www.idealo.co.uk/relocator/relocate?categoryId=3972&offerKey=4de09fea43ccdae486993f4d0e0ac865&offerListId=5319016-9D91B75D6E5C4A75C4508F64887C36EC&pos=6&price=34.93&productid=5319016&sid=22828&type=offer
01-DK-BTBL-PS100,DKNY BE TEMPTED EAU SO BLUSH EDP-S 100ML,85715950208.0,1000+,74.0,16.95,,,0.0,5319016.0,amazon.co.uk,£36.03 £360.30/L,https://www.idealo.co.uk/relocator/relocate?categoryId=3972&offerKey=9c5ab3a646492d2f096207c417c86829&offerListId=5319016-9D91B75D6E5C4A75C4508F64887C36EC&pos=7&price=36.03&productid=5319016&sid=12004&type=offer
01-DK-BTBL-PS100,DKNY BE TEMPTED EAU SO BLUSH EDP-S 100ML,85715950208.0,1000+,74.0,16.95,,,0.0,5319016.0,escentual.com(UK),£40.80 £408.00/L,https://www.idealo.co.uk/relocator/relocate?categoryId=3972&offerKey=06d319697c99483aa74d8c95949ec972&offerListId=5319016-9D91B75D6E5C4A75C4508F64887C36EC&pos=8&price=40.80&productid=5319016&sid=21988&type=offer
01-DK-BTBL-PS100,DKNY BE TEMPTED EAU SO BLUSH EDP-S 100ML,85715950208.0,1000+,74.0,16.95,,,0.0,5319016.0,perfumeuk.co.uk,£41.00 £410.00/L,https://www.idealo.co.uk/relocator/relocate?categoryId=3972&offerKey=3ab9b78273d03a6316cec7cd1c2aa75b&offerListId=5319016-9D91B75D6E5C4A75C4508F64887C36EC&pos=9&price=41.00&productid=5319016&sid=323991&type=offer
01-DK-BTBL-PS100,DKNY BE TEMPTED EAU SO BLUSH EDP-S 100ML,85715950208.0,1000+,74.0,16.95,,,0.0,5319016.0,Lookfantastic.com (UK),£49.00 £490.00/L,https://www.idealo.co.uk/relocator/relocate?categoryId=3972&offerKey=56a3c5f847519a313d776c88671c3d71&offerListId=5319016-9D91B75D6E5C4A75C4508F64887C36EC&pos=10&price=49.00&productid=5319016&sid=24416&type=offer
01-DK-BTBL-PS100,DKNY BE TEMPTED EAU SO BLUSH EDP-S 100ML,85715950208.0,1000+,74.0,16.95,,,0.0,5319016.0,freemans.com (UK),£49.00 £490.00/L,https://www.idealo.co.uk/relocator/relocate?categoryId=3972&offerKey=092a18b74c813a72d3f21c53d0231e59&offerListId=5319016-9D91B75D6E5C4A75C4508F64887C36EC&pos=11&price=49.00&productid=5319016&sid=320471&type=offer
01-DK-BTBL-PS100,DKNY BE TEMPTED EAU SO BLUSH EDP-S 100ML,85715950208.0,1000+,74.0,16.95,,,0.0,5319016.0,cazaar.co.uk,£75.25 £752.50/L,https://www.idealo.co.uk/relocator/relocate?categoryId=3972&offerKey=075da2c90889872f906390cea39df1a5&offerListId=5319016-9D91B75D6E5C4A75C4508F64887C36EC&pos=12&price=75.25&productid=5319016&sid=331015&type=offer
01-DK-BT-PS100,DKNY BE TEMPTED EDP-S 100ML,85715950178.0,1000+,74.0,17.5,,,0.0,5101287.0,Perfumeclick.co.uk,£28.25 £282.50/L,https://www.idealo.co.uk/relocator/relocate?categoryId=3972&offerKey=dc6125249d1a1fe64f8135b5fe506ebd&offerListId=5101287-A8AC0E1CC126BF9C920646DA05B99375&pos=1&price=28.25&productid=5101287&sid=69736&type=offer
01-DK-BT-PS100,DKNY BE TEMPTED EDP-S 100ML,85715950178.0,1000+,74.0,17.5,,,0.0,5101287.0,cosmetify.com,£29.66 £296.60/L,https://www.idealo.co.uk/relocator/relocate?categoryId=3972&offerKey=72692881484bf19c193de7092c6b5657&offerListId=5101287-A8AC0E1CC126BF9C920646DA05B99375&pos=2&price=29.66&productid=5101287&sid=329503&type=offer
01-DK-BT-PS100,DKNY BE TEMPTED EDP-S 100ML,85715950178.0,1000+,74.0,17.5,,,0.0,5101287.0,ebay.co.uk,£32.55 £325.50/L,https://www.idealo.co.uk/relocator/relocate?categoryId=3972&offerKey=065444da11be7f7d0cc3d9bf782f6603&offerListId=5101287-A8AC0E1CC126BF9C920646DA05B99375&pos=3&price=32.55&productid=5101287&sid=22818&type=offer
01-DK-BT-PS100,DKNY BE TEMPTED EDP-S 100ML,85715950178.0,1000+,74.0,17.5,,,0.0,5101287.0,Amazon-marketplace.co.uk,£32.95 £329.50/L,https://www.idealo.co.uk/relocator/relocate?categoryId=3972&offerKey=cd3cff9a2e26788889e7c07ab8500403&offerListId=5101287-A8AC0E1CC126BF9C920646DA05B99375&pos=4&price=32.95&productid=5101287&sid=22828&type=offer
01-DK-BT-PS100,DKNY BE TEMPTED EDP-S 100ML,85715950178.0,1000+,74.0,17.5,,,0.0,5101287.0,onbuy.com,£32.99 £329.90/L,https://www.idealo.co.uk/relocator/relocate?categoryId=3972&offerKey=bb98d6405a950348bb083da18a47ec90&offerListId=5101287-A8AC0E1CC126BF9C920646DA05B99375&pos=5&price=32.99&productid=5101287&sid=316895&type=offer
01-DK-BT-PS100,DKNY BE TEMPTED EDP-S 100ML,85715950178.0,1000+,74.0,17.5,,,0.0,5101287.0,onbuy.com,£33.29 £332.90/L,https://www.idealo.co.uk/relocator/relocate?categoryId=3972&offerKey=91f8974caee50ce411115300bcaed3e4&offerListId=5101287-A8AC0E1CC126BF9C920646DA05B99375&pos=6&price=33.29&productid=5101287&sid=316895&type=offer
01-DK-BT-PS100,DKNY BE TEMPTED EDP-S 100ML,85715950178.0,1000+,74.0,17.5,,,0.0,5101287.0,amazon.co.uk,£36.00 £360.00/L,https://www.idealo.co.uk/relocator/relocate?categoryId=3972&offerKey=6f62b1aa078f72bc29dbd7de599cdebe&offerListId=5101287-A8AC0E1CC126BF9C920646DA05B99375&pos=7&price=36.00&productid=5101287&sid=12004&type=offer
01-DK-BT-PS100,DKNY BE TEMPTED EDP-S 100ML,85715950178.0,1000+,74.0,17.5,,,0.0,5101287.0,Very.co.uk,£36.00 £360.00/L,https://www.idealo.co.uk/relocator/relocate?categoryId=3972&offerKey=3128740add7c0230587b4f77dbb23a9e&offerListId=5101287-A8AC0E1CC126BF9C920646DA05B99375&pos=8&price=36.00&productid=5101287&sid=25214&type=offer
01-DK-BT-PS100,DKNY BE TEMPTED EDP-S 100ML,85715950178.0,1000+,74.0,17.5,,,0.0,5101287.0,perfumeuk.co.uk,£47.00 £470.00/L,https://www.idealo.co.uk/relocator/relocate?categoryId=3972&offerKey=1a8a6e1e6888463d966b344b391086c5&offerListId=5101287-A8AC0E1CC126BF9C920646DA05B99375&pos=9&price=47.00&productid=5101287&sid=323991&type=offer
01-DK-BT-PS100,DKNY BE TEMPTED EDP-S 100ML,85715950178.0,1000+,74.0,17.5,,,0.0,5101287.0,,£48.56 £485.60/L,https://www.idealo.co.uk/relocator/relocate?categoryId=3972&offerKey=21d616b38e791dd9075c19fada20d59e&offerListId=5101287-A8AC0E1CC126BF9C920646DA05B99375&pos=10&price=48.56&productid=5101287&sid=307734&type=offer
01-DK-BT-PS100,DKNY BE TEMPTED EDP-S 100ML,85715950178.0,1000+,74.0,17.5,,,0.0,5101287.0,escentual.com(UK),£49.00 £490.00/L,https://www.idealo.co.uk/relocator/relocate?categoryId=3972&offerKey=51b6085c79f505d7986f6d1117579844&offerListId=5101287-A8AC0E1CC126BF9C920646DA05B99375&pos=11&price=49.00&productid=5101287&sid=21988&type=offer
01-DK-BT-PS100,DKNY BE TEMPTED EDP-S 100ML,85715950178.0,1000+,74.0,17.5,,,0.0,5101287.0,Lookfantastic.com (UK),£49.00 £490.00/L,https://www.idealo.co.uk/relocator/relocate?categoryId=3972&offerKey=35e6ad2e34f8db475d48e061d3c69e85&offerListId=5101287-A8AC0E1CC126BF9C920646DA05B99375&pos=12&price=49.00&productid=5101287&sid=24416&type=offer
01-DK-DEL-50024,DKNY BE DELICIOUS EDP-S 30ML,85715950024.0,449,47.0,13.95,,,0.0,325665.0,Clearchemist.co.uk,£21.29 £709.67/L,https://www.idealo.co.uk/relocator/relocate?categoryId=3972&offerKey=31f4693cd569f187e7f2a6a1f068e5e4&offerListId=325665-C1EB26E7A64111322016D49BEBC943A8&pos=1&price=21.29&productid=325665&sid=289670&type=offer
01-DK-DEL-50024,DKNY BE DELICIOUS EDP-S 30ML,85715950024.0,449,47.0,13.95,,,0.0,325665.0,Amazon-marketplace.co.uk,£23.70 £790.00/L,https://www.idealo.co.uk/relocator/relocate?categoryId=3972&offerKey=41b2332a51ef18fb55a7687ad3839c49&offerListId=325665-C1EB26E7A64111322016D49BEBC943A8&pos=2&price=23.70&productid=325665&sid=22828&type=offer
01-DK-DEL-50024,DKNY BE DELICIOUS EDP-S 30ML,85715950024.0,449,47.0,13.95,,,0.0,325665.0,Perfumeclick.co.uk,£24.20 £806.67/L,https://www.idealo.co.uk/relocator/relocate?categoryId=3972&offerKey=e4ac3fb0751a3d450563f9a6682bedbc&offerListId=325665-C1EB26E7A64111322016D49BEBC943A8&pos=3&price=24.20&productid=325665&sid=69736&type=offer
01-DK-DEL-50024,DKNY BE DELICIOUS EDP-S 30ML,85715950024.0,449,47.0,13.95,,,0.0,325665.0,Directcosmetics.com(UK),£24.65 £821.67/L,https://www.idealo.co.uk/relocator/relocate?categoryId=3972&offerKey=1c4c0c24877e460541b700a5ffc5f42d&offerListId=325665-C1EB26E7A64111322016D49BEBC943A8&pos=4&price=24.65&productid=325665&sid=24317&type=offer
01-DK-DEL-50024,DKNY BE DELICIOUS EDP-S 30ML,85715950024.0,449,47.0,13.95,,,0.0,325665.0,bodycareonline.co.uk,£24.99 £833.00/L,https://www.idealo.co.uk/relocator/relocate?categoryId=3972&offerKey=2b4e1320df2d2ae48fb68f374585f39a&offerListId=325665-C1EB26E7A64111322016D49BEBC943A8&pos=5&price=24.99&productid=325665&sid=332851&type=offer
01-DK-DEL-50024,DKNY BE DELICIOUS EDP-S 30ML,85715950024.0,449,47.0,13.95,,,0.0,325665.0,parfumdreams.co.uk,£26.21 £873.67/L,https://www.idealo.co.uk/relocator/relocate?categoryId=3972&offerKey=c58a309b09d261ca63a14e37522b98b4&offerListId=325665-C1EB26E7A64111322016D49BEBC943A8&pos=6&price=26.21&productid=325665&sid=316458&type=offer
01-DK-DEL-50024,DKNY BE DELICIOUS EDP-S 30ML,85715950024.0,449,47.0,13.95,,,0.0,325665.0,,£26.95 £898.33/L,https://www.idealo.co.uk/relocator/relocate?categoryId=3972&offerKey=b3cb7cd3cfd9e9c614f030864dccb1b1&offerListId=325665-C1EB26E7A64111322016D49BEBC943A8&pos=7&price=26.95&productid=325665&sid=307734&type=offer
01-DK-DEL-50024,DKNY BE DELICIOUS EDP-S 30ML,85715950024.0,449,47.0,13.95,,,0.0,325665.0,ebay.co.uk,£27.62 £920.67/L,https://www.idealo.co.uk/relocator/relocate?categoryId=3972&offerKey=aa211526e0535e0f71f7b9d30a104c1d&offerListId=325665-C1EB26E7A64111322016D49BEBC943A8&pos=8&price=27.62&productid=325665&sid=22818&type=offer
01-DK-DEL-50024,DKNY BE DELICIOUS EDP-S 30ML,85715950024.0,449,47.0,13.95,,,0.0,325665.0,Dressinn.com (UK),£29.49 £983.00/L,https://www.idealo.co.uk/relocator/relocate?categoryId=3972&offerKey=6bb66c7d7fdafacf6558d76e8419e2ce&offerListId=325665-C1EB26E7A64111322016D49BEBC943A8&pos=9&price=29.49&productid=325665&sid=318629&type=offer
01-DK-DEL-50024,DKNY BE DELICIOUS EDP-S 30ML,85715950024.0,449,47.0,13.95,,,0.0,325665.0,onbuy.com,£29.54 £984.67/L,https://www.idealo.co.uk/relocator/relocate?categoryId=3972&offerKey=233face507dd56f7aa61c3e559ef41c5&offerListId=325665-C1EB26E7A64111322016D49BEBC943A8&pos=10&price=29.54&productid=325665&sid=316895&type=offer
01-DK-DEL-50024,DKNY BE DELICIOUS EDP-S 30ML,85715950024.0,449,47.0,13.95,,,0.0,325665.0,Therange.co.uk,£29.99 £999.67/L,https://www.idealo.co.uk/relocator/relocate?categoryId=3972&offerKey=9ca2263594cb8bcab1895b07d561ff18&offerListId=325665-C1EB26E7A64111322016D49BEBC943A8&pos=11&price=29.99&productid=325665&sid=288194&type=offer
01-DK-DEL-PS50,DKNY BE DELICIOUS EDP-S 50ML,85715950017.0,274,62.0,19.95,,,0.0,585705.0,Perfumeclick.co.uk,£32.45 £649.00/L,https://www.idealo.co.uk/relocator/relocate?categoryId=3972&offerKey=46c9a4acd136093860696b0f39eeb5c9&offerListId=585705-260605B989EF15D3C8B42C6AA03A9D26&pos=1&price=32.45&productid=585705&sid=69736&type=offer
01-DK-DEL-PS50,DKNY BE DELICIOUS EDP-S 50ML,85715950017.0,274,62.0,19.95,,,0.0,585705.0,cosmetify.com,£34.07 £681.40/L,https://www.idealo.co.uk/relocator/relocate?categoryId=3972&offerKey=ac8eba53e4438e5fbf500ae859e4a7d8&offerListId=585705-260605B989EF15D3C8B42C6AA03A9D26&pos=2&price=34.07&productid=585705&sid=329503&type=offer
01-DK-DEL-PS50,DKNY BE DELICIOUS EDP-S 50ML,85715950017.0,274,62.0,19.95,,,0.0,585705.0,onbuy.com,£34.99 £699.80/L,https://www.idealo.co.uk/relocator/relocate?categoryId=3972&offerKey=80190b2b2cf36a602fc1543bb329d51c&offerListId=585705-260605B989EF15D3C8B42C6AA03A9D26&pos=3&price=34.99&productid=585705&sid=316895&type=offer
01-DK-DEL-PS50,DKNY BE DELICIOUS EDP-S 50ML,85715950017.0,274,62.0,19.95,,,0.0,585705.0,ebay.co.uk,£35.81 £716.20/L,https://www.idealo.co.uk/relocator/relocate?categoryId=3972&offerKey=490db0502e663215efd8d951cad84325&offerListId=585705-260605B989EF15D3C8B42C6AA03A9D26&pos=4&price=35.81&productid=585705&sid=22818&type=offer
01-DK-DEL-PS50,DKNY BE DELICIOUS EDP-S 50ML,85715950017.0,274,62.0,19.95,,,0.0,585705.0,perfumedirect.com,£35.99 £719.80/L,https://www.idealo.co.uk/relocator/relocate?categoryId=3972&offerKey=02fa1282ec3c90149517d384693623c1&offerListId=585705-260605B989EF15D3C8B42C6AA03A9D26&pos=5&price=35.99&productid=585705&sid=318630&type=offer
01-DK-DEL-PS50,DKNY BE DELICIOUS EDP-S 50ML,85715950017.0,274,62.0,19.95,,,0.0,585705.0,my-origines.com(UK),£39.78 £795.60/L,https://www.idealo.co.uk/relocator/relocate?categoryId=3972&offerKey=62783a336a9199496c1b56c364cf5aa4&offerListId=585705-260605B989EF15D3C8B42C6AA03A9D26&pos=6&price=39.78&productid=585705&sid=328503&type=offer
01-DK-DEL-PS50,DKNY BE DELICIOUS EDP-S 50ML,85715950017.0,274,62.0,19.95,,,0.0,585705.0,parfumdreams.co.uk,£40.55 £811.00/L,https://www.idealo.co.uk/relocator/relocate?categoryId=3972&offerKey=492e1b9cf4d2aba710ef5ef325f0b531&offerListId=585705-260605B989EF15D3C8B42C6AA03A9D26&pos=7&price=40.55&productid=585705&sid=316458&type=offer
01-DK-DEL-PS50,DKNY BE DELICIOUS EDP-S 50ML,85715950017.0,274,62.0,19.95,,,0.0,585705.0,Amazon-marketplace.co.uk,£41.00 £820.00/L,https://www.idealo.co.uk/relocator/relocate?categoryId=3972&offerKey=0f1e34e16d9aecfaab04622fc4f79a32&offerListId=585705-260605B989EF15D3C8B42C6AA03A9D26&pos=8&price=41.00&productid=585705&sid=22828&type=offer
01-DK-DEL-PS50,DKNY BE DELICIOUS EDP-S 50ML,85715950017.0,274,62.0,19.95,,,0.0,585705.0,allbeauty.com(UK),£41.95 £839.00/L,https://www.idealo.co.uk/relocator/relocate?categoryId=3972&offerKey=9f570b1190a2dc1fede646cd9dd4888a&offerListId=585705-260605B989EF15D3C8B42C6AA03A9D26&pos=9&price=41.95&productid=585705&sid=28942&type=offer
01-DK-DEL-PS50,DKNY BE DELICIOUS EDP-S 50ML,85715950017.0,274,62.0,19.95,,,0.0,585705.0,notino.co.uk,£42.00 £840.00/L,https://www.idealo.co.uk/relocator/relocate?categoryId=3972&offerKey=85daebb459e0db34b905f33f1ff91178&offerListId=585705-260605B989EF15D3C8B42C6AA03A9D26&pos=10&price=42.00&productid=585705&sid=307734&type=offer
01-DK-DEL-PS50,DKNY BE DELICIOUS EDP-S 50ML,85715950017.0,274,62.0,19.95,,,0.0,585705.0,Expresschemist.co.uk,£42.00 £840.00/L,https://www.idealo.co.uk/relocator/relocate?categoryId=3972&offerKey=064220599f56cc833a432d262e5f0be9&offerListId=585705-260605B989EF15D3C8B42C6AA03A9D26&pos=11&price=42.00&productid=585705&sid=22167&type=offer
01-DK-DEL-PS50,DKNY BE DELICIOUS EDP-S 50ML,85715950017.0,274,62.0,19.95,,,0.0,585705.0,amazon.co.uk,£42.68 £853.60/L,https://www.idealo.co.uk/relocator/relocate?categoryId=3972&offerKey=3a3dc268ef8c5970feb5ff75bfe73c59&offerListId=585705-260605B989EF15D3C8B42C6AA03A9D26&pos=12&price=42.68&productid=585705&sid=12004&type=offer
01-DK-DEL-PS50,DKNY BE DELICIOUS EDP-S 50ML,85715950017.0,274,62.0,19.95,,,0.0,585705.0,Dressinn.com (UK),£43.99 £879.80/L,https://www.idealo.co.uk/relocator/relocate?categoryId=3972&offerKey=9479ecb858fc893b44f9f3752c5e4d25&offerListId=585705-260605B989EF15D3C8B42C6AA03A9D26&pos=13&price=43.99&productid=585705&sid=318629&type=offer
01-DK-DEL-PS50,DKNY BE DELICIOUS EDP-S 50ML,85715950017.0,274,62.0,19.95,,,0.0,585705.0,onbuy.com,£47.03 £940.60/L,https://www.idealo.co.uk/relocator/relocate?categoryId=3972&offerKey=cd67754fee10287a2f4df55873536b5d&offerListId=585705-260605B989EF15D3C8B42C6AA03A9D26&pos=14&price=47.03&productid=585705&sid=316895&type=offer
01-DK-DEL-PS50,DKNY BE DELICIOUS EDP-S 50ML,85715950017.0,274,62.0,19.95,,,0.0,585705.0,Thefragrancecounter.com (UK),£48.50 £970.00/L,https://www.idealo.co.uk/relocator/relocate?categoryId=3972&offerKey=83ca97d6068ae338843722dcbf26a8d4&offerListId=585705-260605B989EF15D3C8B42C6AA03A9D26&pos=15&price=48.50&productid=585705&sid=299378&type=offer
01-DK-DK-30930,DKNY WOMEN EDT-S 100ML,22548230930.0,248,62.0,17.95,,,0.0,2612903.0,cosmetify.com,£29.99 £299.90/L,https://www.idealo.co.uk/relocator/relocate?categoryId=3972&offerKey=826ca73dcbe6d90aa1de2ef3411f3216&offerListId=2612903-A8374743FBD2FC677AC479DCE9F509FA&pos=1&price=29.99&productid=2612903&sid=329503&type=offer
01-DK-DK-30930,DKNY WOMEN EDT-S 100ML,22548230930.0,248,62.0,17.95,,,0.0,2612903.0,ebay.co.uk,£30.50 £305.00/L,https://www.idealo.co.uk/relocator/relocate?categoryId=3972&offerKey=82663905ff8baddd71c2e79531cb9057&offerListId=2612903-A8374743FBD2FC677AC479DCE9F509FA&pos=2&price=30.50&productid=2612903&sid=22818&type=offer
01-DK-DK-30930,DKNY WOMEN EDT-S 100ML,22548230930.0,248,62.0,17.95,,,0.0,2612903.0,Perfumeclick.co.uk,£30.80 £308.00/L,https://www.idealo.co.uk/relocator/relocate?categoryId=3972&offerKey=a61c9c60b7b6c833892dfaa559f96242&offerListId=2612903-A8374743FBD2FC677AC479DCE9F509FA&pos=3&price=30.80&productid=2612903&sid=69736&type=offer
01-DK-DK-30930,DKNY WOMEN EDT-S 100ML,22548230930.0,248,62.0,17.95,,,0.0,2612903.0,perfumedirect.com,£31.99 £319.90/L,https://www.idealo.co.uk/relocator/relocate?categoryId=3972&offerKey=4b3c8a6882ef239500cc48c360a74bfb&offerListId=2612903-A8374743FBD2FC677AC479DCE9F509FA&pos=4&price=31.99&productid=2612903&sid=318630&type=offer
01-DK-DK-30930,DKNY WOMEN EDT-S 100ML,22548230930.0,248,62.0,17.95,,,0.0,2612903.0,amazon.co.uk,£34.21 £342.10/L,https://www.idealo.co.uk/relocator/relocate?categoryId=3972&offerKey=c997bedf5f81582efd21a4de41f2fe21&offerListId=2612903-A8374743FBD2FC677AC479DCE9F509FA&pos=5&price=34.21&productid=2612903&sid=12004&type=offer
01-DK-DK-30930,DKNY WOMEN EDT-S 100ML,22548230930.0,248,62.0,17.95,,,0.0,2612903.0,Amazon-marketplace.co.uk,£34.85 £348.50/L,https://www.idealo.co.uk/relocator/relocate?categoryId=3972&offerKey=51665cd6aacca685b503f38ef31295f9&offerListId=2612903-A8374743FBD2FC677AC479DCE9F509FA&pos=6&price=34.85&productid=2612903&sid=22828&type=offer
01-DK-DK-30930,DKNY WOMEN EDT-S 100ML,22548230930.0,248,62.0,17.95,,,0.0,2612903.0,escentual.com(UK),£35.00 £350.00/L,https://www.idealo.co.uk/relocator/relocate?categoryId=3972&offerKey=8dcd6b0a7f69833feaa2cf5ff354ff58&offerListId=2612903-A8374743FBD2FC677AC479DCE9F509FA&pos=7&price=35.00&productid=2612903&sid=21988&type=offer
01-DK-DK-30930,DKNY WOMEN EDT-S 100ML,22548230930.0,248,62.0,17.95,,,0.0,2612903.0,perfumeuk.co.uk,£35.00 £350.00/L,https://www.idealo.co.uk/relocator/relocate?categoryId=3972&offerKey=384e48a9de92c1dbeb0565a05340546d&offerListId=2612903-A8374743FBD2FC677AC479DCE9F509FA&pos=8&price=35.00&productid=2612903&sid=323991&type=offer
01-DK-DK-30930,DKNY WOMEN EDT-S 100ML,22548230930.0,248,62.0,17.95,,,0.0,2612903.0,onbuy.com,£35.62 £356.20/L,https://www.idealo.co.uk/relocator/relocate?categoryId=3972&offerKey=990508a0742c82ccdb353bcbb5e311b9&offerListId=2612903-A8374743FBD2FC677AC479DCE9F509FA&pos=9&price=35.62&productid=2612903&sid=316895&type=offer
01-DK-DK-30930,DKNY WOMEN EDT-S 100ML,22548230930.0,248,62.0,17.95,,,0.0,2612903.0,Boots.com (UK),£35.70 £357.00/L,https://www.idealo.co.uk/relocator/relocate?categoryId=3972&offerKey=4dbfbc67b54192562010b7c09a2a42b5&offerListId=2612903-A8374743FBD2FC677AC479DCE9F509FA&pos=10&price=35.70&productid=2612903&sid=27286&type=offer
01-DK-DK-30930,DKNY WOMEN EDT-S 100ML,22548230930.0,248,62.0,17.95,,,0.0,2612903.0,Dressinn.com (UK),£36.49 £364.90/L,https://www.idealo.co.uk/relocator/relocate?categoryId=3972&offerKey=7521830d1a0f84e8ee5ec8a8488f1424&offerListId=2612903-A8374743FBD2FC677AC479DCE9F509FA&pos=11&price=36.49&productid=2612903&sid=318629&type=offer
01-DK-DK-30930,DKNY WOMEN EDT-S 100ML,22548230930.0,248,62.0,17.95,,,0.0,2612903.0,allbeauty.com(UK),£36.95 £369.50/L,https://www.idealo.co.uk/relocator/relocate?categoryId=3972&offerKey=42d050751d49b3ff25694ea8f5bdd9e1&offerListId=2612903-A8374743FBD2FC677AC479DCE9F509FA&pos=12&price=36.95&productid=2612903&sid=28942&type=offer
01-DK-DK-30930,DKNY WOMEN EDT-S 100ML,22548230930.0,248,62.0,17.95,,,0.0,2612903.0,onbuy.com,£37.29 £372.90/L,https://www.idealo.co.uk/relocator/relocate?categoryId=3972&offerKey=7eaab6af250a89e2f2c6cb82f1099bee&offerListId=2612903-A8374743FBD2FC677AC479DCE9F509FA&pos=13&price=37.29&productid=2612903&sid=316895&type=offer
01-DK-DK-30930,DKNY WOMEN EDT-S 100ML,22548230930.0,248,62.0,17.95,,,0.0,2612903.0,onbuy.com,£39.99 £399.90/L,https://www.idealo.co.uk/relocator/relocate?categoryId=3972&offerKey=d22e98b20c8dfd878505add05df1cada&offerListId=2612903-A8374743FBD2FC677AC479DCE9F509FA&pos=14&price=39.99&productid=2612903&sid=316895&type=offer
01-DK-DK-30930,DKNY WOMEN EDT-S 100ML,22548230930.0,248,62.0,17.95,,,0.0,2612903.0,Tjhughes.co.uk,£40.00 £400.00/L,https://www.idealo.co.uk/relocator/relocate?categoryId=3972&offerKey=cd45556334dc349054ab8e835d7e13b4&offerListId=2612903-A8374743FBD2FC677AC479DCE9F509FA&pos=15&price=40.00&productid=2612903&sid=28759&type=offer
01-DK-DK-30930,DKNY WOMEN EDT-S 100ML,22548230930.0,248,62.0,17.95,,,0.0,2612903.0,freemans.com (UK),£42.00 £420.00/L,https://www.idealo.co.uk/relocator/relocate?categoryId=3972&offerKey=4ec8b0713e79248a1969bfde8ae4c71a&offerListId=2612903-A8374743FBD2FC677AC479DCE9F509FA&pos=16&price=42.00&productid=2612903&sid=320471&type=offer
01-DK-DK-30930,DKNY WOMEN EDT-S 100ML,22548230930.0,248,62.0,17.95,,,0.0,2612903.0,,£47.60 £476.00/L,https://www.idealo.co.uk/relocator/relocate?categoryId=3972&offerKey=75f066709fad89a4097f9cbe56ae3419&offerListId=2612903-A8374743FBD2FC677AC479DCE9F509FA&pos=17&price=47.60&productid=2612903&sid=307734&type=offer
01-DK-DK-30930,DKNY WOMEN EDT-S 100ML,22548230930.0,248,62.0,17.95,,,0.0,2612903.0,cosmetify.com,£29.99 £299.90/L,https://www.idealo.co.uk/relocator/relocate?categoryId=3972&offerKey=826ca73dcbe6d90aa1de2ef3411f3216&offerListId=2612903-A8374743FBD2FC677AC479DCE9F509FA&pos=1&price=29.99&productid=2612903&sid=329503&type=offer
01-DK-DK-30930,DKNY WOMEN EDT-S 100ML,22548230930.0,248,62.0,17.95,,,0.0,2612903.0,ebay.co.uk,£30.50 £305.00/L,https://www.idealo.co.uk/relocator/relocate?categoryId=3972&offerKey=82663905ff8baddd71c2e79531cb9057&offerListId=2612903-A8374743FBD2FC677AC479DCE9F509FA&pos=2&price=30.50&productid=2612903&sid=22818&type=offer
01-DK-DK-30930,DKNY WOMEN EDT-S 100ML,22548230930.0,248,62.0,17.95,,,0.0,2612903.0,Perfumeclick.co.uk,£30.80 £308.00/L,https://www.idealo.co.uk/relocator/relocate?categoryId=3972&offerKey=a61c9c60b7b6c833892dfaa559f96242&offerListId=2612903-A8374743FBD2FC677AC479DCE9F509FA&pos=3&price=30.80&productid=2612903&sid=69736&type=offer
01-DK-DK-30930,DKNY WOMEN EDT-S 100ML,22548230930.0,248,62.0,17.95,,,0.0,2612903.0,perfumedirect.com,£31.99 £319.90/L,https://www.idealo.co.uk/relocator/relocate?categoryId=3972&offerKey=4b3c8a6882ef239500cc48c360a74bfb&offerListId=2612903-A8374743FBD2FC677AC479DCE9F509FA&pos=4&price=31.99&productid=2612903&sid=318630&type=offer
01-DK-DK-30930,DKNY WOMEN EDT-S 100ML,22548230930.0,248,62.0,17.95,,,0.0,2612903.0,amazon.co.uk,£34.21 £342.10/L,https://www.idealo.co.uk/relocator/relocate?categoryId=3972&offerKey=c997bedf5f81582efd21a4de41f2fe21&offerListId=2612903-A8374743FBD2FC677AC479DCE9F509FA&pos=5&price=34.21&productid=2612903&sid=12004&type=offer
01-DK-DK-30930,DKNY WOMEN EDT-S 100ML,22548230930.0,248,62.0,17.95,,,0.0,2612903.0,Amazon-marketplace.co.uk,£34.85 £348.50/L,https://www.idealo.co.uk/relocator/relocate?categoryId=3972&offerKey=51665cd6aacca685b503f38ef31295f9&offerListId=2612903-A8374743FBD2FC677AC479DCE9F509FA&pos=6&price=34.85&productid=2612903&sid=22828&type=offer
01-DK-DK-30930,DKNY WOMEN EDT-S 100ML,22548230930.0,248,62.0,17.95,,,0.0,2612903.0,escentual.com(UK),£35.00 £350.00/L,https://www.idealo.co.uk/relocator/relocate?categoryId=3972&offerKey=8dcd6b0a7f69833feaa2cf5ff354ff58&offerListId=2612903-A8374743FBD2FC677AC479DCE9F509FA&pos=7&price=35.00&productid=2612903&sid=21988&type=offer
01-DK-DK-30930,DKNY WOMEN EDT-S 100ML,22548230930.0,248,62.0,17.95,,,0.0,2612903.0,perfumeuk.co.uk,£35.00 £350.00/L,https://www.idealo.co.uk/relocator/relocate?categoryId=3972&offerKey=384e48a9de92c1dbeb0565a05340546d&offerListId=2612903-A8374743FBD2FC677AC479DCE9F509FA&pos=8&price=35.00&productid=2612903&sid=323991&type=offer
01-DK-DK-30930,DKNY WOMEN EDT-S 100ML,22548230930.0,248,62.0,17.95,,,0.0,2612903.0,onbuy.com,£35.62 £356.20/L,https://www.idealo.co.uk/relocator/relocate?categoryId=3972&offerKey=990508a0742c82ccdb353bcbb5e311b9&offerListId=2612903-A8374743FBD2FC677AC479DCE9F509FA&pos=9&price=35.62&productid=2612903&sid=316895&type=offer
01-DK-DK-30930,DKNY WOMEN EDT-S 100ML,22548230930.0,248,62.0,17.95,,,0.0,2612903.0,Boots.com (UK),£35.70 £357.00/L,https://www.idealo.co.uk/relocator/relocate?categoryId=3972&offerKey=4dbfbc67b54192562010b7c09a2a42b5&offerListId=2612903-A8374743FBD2FC677AC479DCE9F509FA&pos=10&price=35.70&productid=2612903&sid=27286&type=offer
01-DK-DK-30930,DKNY WOMEN EDT-S 100ML,22548230930.0,248,62.0,17.95,,,0.0,2612903.0,Dressinn.com (UK),£36.49 £364.90/L,https://www.idealo.co.uk/relocator/relocate?categoryId=3972&offerKey=7521830d1a0f84e8ee5ec8a8488f1424&offerListId=2612903-A8374743FBD2FC677AC479DCE9F509FA&pos=11&price=36.49&productid=2612903&sid=318629&type=offer
01-DK-DK-30930,DKNY WOMEN EDT-S 100ML,22548230930.0,248,62.0,17.95,,,0.0,2612903.0,allbeauty.com(UK),£36.95 £369.50/L,https://www.idealo.co.uk/relocator/relocate?categoryId=3972&offerKey=42d050751d49b3ff25694ea8f5bdd9e1&offerListId=2612903-A8374743FBD2FC677AC479DCE9F509FA&pos=12&price=36.95&productid=2612903&sid=28942&type=offer
01-DK-DK-30930,DKNY WOMEN EDT-S 100ML,22548230930.0,248,62.0,17.95,,,0.0,2612903.0,onbuy.com,£37.29 £372.90/L,https://www.idealo.co.uk/relocator/relocate?categoryId=3972&offerKey=7eaab6af250a89e2f2c6cb82f1099bee&offerListId=2612903-A8374743FBD2FC677AC479DCE9F509FA&pos=13&price=37.29&productid=2612903&sid=316895&type=offer
01-DK-DK-30930,DKNY WOMEN EDT-S 100ML,22548230930.0,248,62.0,17.95,,,0.0,2612903.0,onbuy.com,£39.99 £399.90/L,https://www.idealo.co.uk/relocator/relocate?categoryId=3972&offerKey=d22e98b20c8dfd878505add05df1cada&offerListId=2612903-A8374743FBD2FC677AC479DCE9F509FA&pos=14&price=39.99&productid=2612903&sid=316895&type=offer
01-DK-DK-30930,DKNY WOMEN EDT-S 100ML,22548230930.0,248,62.0,17.95,,,0.0,2612903.0,Tjhughes.co.uk,£40.00 £400.00/L,https://www.idealo.co.uk/relocator/relocate?categoryId=3972&offerKey=cd45556334dc349054ab8e835d7e13b4&offerListId=2612903-A8374743FBD2FC677AC479DCE9F509FA&pos=15&price=40.00&productid=2612903&sid=28759&type=offer
01-DK-DK-30930,DKNY WOMEN EDT-S 100ML,22548230930.0,248,62.0,17.95,,,0.0,2612903.0,freemans.com (UK),£42.00 £420.00/L,https://www.idealo.co.uk/relocator/relocate?categoryId=3972&offerKey=4ec8b0713e79248a1969bfde8ae4c71a&offerListId=2612903-A8374743FBD2FC677AC479DCE9F509FA&pos=16&price=42.00&productid=2612903&sid=320471&type=offer
01-DK-DK-30930,DKNY WOMEN EDT-S 100ML,22548230930.0,248,62.0,17.95,,,0.0,2612903.0,,£47.60 £476.00/L,https://www.idealo.co.uk/relocator/relocate?categoryId=3972&offerKey=75f066709fad89a4097f9cbe56ae3419&offerListId=2612903-A8374743FBD2FC677AC479DCE9F509FA&pos=17&price=47.60&productid=2612903&sid=307734&type=offer
01-DK-DKFE-PS100,DKNY WOMEN FALL LIMITED EDITION EDP-S 100ML,85715950314.0,1000+,75.0,18.95,,,0.0,203977419.0,Perfumeclick.co.uk,£22.25 £222.50/L,https://www.idealo.co.uk/relocator/relocate?categoryId=3972&offerKey=bf919611f52e943cb04ac92c07b6db1d&offerListId=203977419-495EA722AFE9B6AF82EC4C09C0C57FBB&pos=1&price=22.25&productid=203977419&sid=69736&type=offer
01-DK-DKFE-PS100,DKNY WOMEN FALL LIMITED EDITION EDP-S 100ML,85715950314.0,1000+,75.0,18.95,,,0.0,203977419.0,ebay.co.uk,£23.99 £239.90/L,https://www.idealo.co.uk/relocator/relocate?categoryId=3972&offerKey=cb100961017746205a44bd43e3cf0091&offerListId=203977419-495EA722AFE9B6AF82EC4C09C0C57FBB&pos=2&price=23.99&productid=203977419&sid=22818&type=offer
01-DK-DKFE-PS100,DKNY WOMEN FALL LIMITED EDITION EDP-S 100ML,85715950314.0,1000+,75.0,18.95,,,0.0,203977419.0,notino.co.uk,£26.40 £264.00/L,https://www.idealo.co.uk/relocator/relocate?categoryId=3972&offerKey=b8995b19979321ffb61e23f9e9a6d8e8&offerListId=203977419-495EA722AFE9B6AF82EC4C09C0C57FBB&pos=3&price=26.40&productid=203977419&sid=307734&type=offer
01-DK-DKFE-PS100,DKNY WOMEN FALL LIMITED EDITION EDP-S 100ML,85715950314.0,1000+,75.0,18.95,,,0.0,203977419.0,Dressinn.com (UK),£46.99 £469.90/L,https://www.idealo.co.uk/relocator/relocate?categoryId=3972&offerKey=3cc4a8bb893862dda2382bcc18959547&offerListId=203977419-495EA722AFE9B6AF82EC4C09C0C57FBB&pos=4&price=46.99&productid=203977419&sid=318629&type=offer
01-DK-DK-FM250,DKNY WOMEN ENERGIZING FRAGRANCE MIST 250ML,85715950581.0,421,17.0,5.95,,,0.0,204772903.0,,£9.80 £39.20/L,https://www.idealo.co.uk/relocator/relocate?categoryId=10852&offerKey=4fc6150d0339a15ed52e2c7cb0b62d7d&offerListId=204772903-84A4701D5F780A2F3DBDD523EB24AD53&pos=1&price=9.80&productid=204772903&sid=307734&type=offer
01-DK-DK-FM250,DKNY WOMEN ENERGIZING FRAGRANCE MIST 250ML,85715950581.0,421,17.0,5.95,,,0.0,204772903.0,allbeauty.com(UK),£10.95 £43.80/L,https://www.idealo.co.uk/relocator/relocate?categoryId=10852&offerKey=a061b2725563c3190cfa9c9a4f8ce2fe&offerListId=204772903-84A4701D5F780A2F3DBDD523EB24AD53&pos=2&price=10.95&productid=204772903&sid=28942&type=offer
01-DK-DK-FM250,DKNY WOMEN ENERGIZING FRAGRANCE MIST 250ML,85715950581.0,421,17.0,5.95,,,0.0,204772903.0,cosmetify.com,£11.63 £46.52/L,https://www.idealo.co.uk/relocator/relocate?categoryId=10852&offerKey=ac408b5f7e64594e9c50880eeeded55f&offerListId=204772903-84A4701D5F780A2F3DBDD523EB24AD53&pos=3&price=11.63&productid=204772903&sid=329503&type=offer
01-DK-DK-FM250,DKNY WOMEN ENERGIZING FRAGRANCE MIST 250ML,85715950581.0,421,17.0,5.95,,,0.0,204772903.0,escentual.com(UK),£13.00 £52.00/L,https://www.idealo.co.uk/relocator/relocate?categoryId=10852&offerKey=267efba651e56f43ea1b39a3a6ce1b5e&offerListId=204772903-84A4701D5F780A2F3DBDD523EB24AD53&pos=4&price=13.00&productid=204772903&sid=21988&type=offer
01-DK-DK-FM250,DKNY WOMEN ENERGIZING FRAGRANCE MIST 250ML,85715950581.0,421,17.0,5.95,,,0.0,204772903.0,amazon.co.uk,£19.59 £78.36/L,https://www.idealo.co.uk/relocator/relocate?categoryId=10852&offerKey=a71929b40b99cca89e0888ab1c68958f&offerListId=204772903-84A4701D5F780A2F3DBDD523EB24AD53&pos=5&price=19.59&productid=204772903&sid=12004&type=offer
01-DK-DK-PS100,DKNY WOMEN EDP-S 100ML,763511100019.0,1000+,81.0,21.95,,,0.0,585724.0,ebay.co.uk,£34.25 £342.50/L,https://www.idealo.co.uk/relocator/relocate?categoryId=3972&offerKey=5213ba5a07f9a485cd73c796db11c867&offerListId=585724-1D82D7ABBC33ED36C519A6161FAC4887&pos=1&price=34.25&productid=585724&sid=22818&type=offer
01-DK-DK-PS100,DKNY WOMEN EDP-S 100ML,763511100019.0,1000+,81.0,21.95,,,0.0,585724.0,Amazon-marketplace.co.uk,£34.79 £347.90/L,https://www.idealo.co.uk/relocator/relocate?categoryId=3972&offerKey=7940f2a2d20d473a05e717f17a24513b&offerListId=585724-1D82D7ABBC33ED36C519A6161FAC4887&pos=2&price=34.79&productid=585724&sid=22828&type=offer
01-DK-DK-PS100,DKNY WOMEN EDP-S 100ML,763511100019.0,1000+,81.0,21.95,,,0.0,585724.0,cosmetify.com,£36.75 £367.50/L,https://www.idealo.co.uk/relocator/relocate?categoryId=3972&offerKey=9d492e2435efda1daee0d6c84eab5bed&offerListId=585724-1D82D7ABBC33ED36C519A6161FAC4887&pos=3&price=36.75&productid=585724&sid=329503&type=offer
01-DK-DK-PS100,DKNY WOMEN EDP-S 100ML,763511100019.0,1000+,81.0,21.95,,,0.0,585724.0,my-origines.com(UK),£37.00 £370.00/L,https://www.idealo.co.uk/relocator/relocate?categoryId=3972&offerKey=e9a3555005c34b205eebb9644ec3179d&offerListId=585724-1D82D7ABBC33ED36C519A6161FAC4887&pos=4&price=37.00&productid=585724&sid=328503&type=offer
01-DK-DK-PS100,DKNY WOMEN EDP-S 100ML,763511100019.0,1000+,81.0,21.95,,,0.0,585724.0,perfumeprice.co.uk,£37.95 £379.50/L,https://www.idealo.co.uk/relocator/relocate?categoryId=3972&offerKey=60deeded1285a5efc5ce1a5774bbfa24&offerListId=585724-1D82D7ABBC33ED36C519A6161FAC4887&pos=5&price=37.95&productid=585724&sid=321700&type=offer
01-DK-DK-PS100,DKNY WOMEN EDP-S 100ML,763511100019.0,1000+,81.0,21.95,,,0.0,585724.0,perfumedirect.com,£37.99 £379.90/L,https://www.idealo.co.uk/relocator/relocate?categoryId=3972&offerKey=ba8d57a24f154a075631bf21f19b455d&offerListId=585724-1D82D7ABBC33ED36C519A6161FAC4887&pos=6&price=37.99&productid=585724&sid=318630&type=offer
01-DK-DK-PS100,DKNY WOMEN EDP-S 100ML,763511100019.0,1000+,81.0,21.95,,,0.0,585724.0,Dressinn.com (UK),£40.49 £404.90/L,https://www.idealo.co.uk/relocator/relocate?categoryId=3972&offerKey=bb3896f6e85fca33f0abc5f5fd0fcd8f&offerListId=585724-1D82D7ABBC33ED36C519A6161FAC4887&pos=7&price=40.49&productid=585724&sid=318629&type=offer
01-DK-DK-PS100,DKNY WOMEN EDP-S 100ML,763511100019.0,1000+,81.0,21.95,,,0.0,585724.0,onbuy.com,£41.99 £419.90/L,https://www.idealo.co.uk/relocator/relocate?categoryId=3972&offerKey=3ce479bb6d18b8a1f3b90656f4961d1f&offerListId=585724-1D82D7ABBC33ED36C519A6161FAC4887&pos=8&price=41.99&productid=585724&sid=316895&type=offer
01-DK-DK-PS100,DKNY WOMEN EDP-S 100ML,763511100019.0,1000+,81.0,21.95,,,0.0,585724.0,groupon.co.uk,£41.99 £419.90/L,https://www.idealo.co.uk/relocator/relocate?categoryId=3972&offerKey=e047261d0de19091fcb23cbc46be7d04&offerListId=585724-1D82D7ABBC33ED36C519A6161FAC4887&pos=9&price=41.99&productid=585724&sid=313205&type=offer
01-DK-DK-PS100,DKNY WOMEN EDP-S 100ML,763511100019.0,1000+,81.0,21.95,,,0.0,585724.0,beautybase.com(UK),£42.00 £420.00/L,https://www.idealo.co.uk/relocator/relocate?categoryId=3972&offerKey=dcd253248555081c20bec21beaa9fd37&offerListId=585724-1D82D7ABBC33ED36C519A6161FAC4887&pos=10&price=42.00&productid=585724&sid=299115&type=offer
01-DK-DK-PS100,DKNY WOMEN EDP-S 100ML,763511100019.0,1000+,81.0,21.95,,,0.0,585724.0,allbeauty.com(UK),£42.45 £424.50/L,https://www.idealo.co.uk/relocator/relocate?categoryId=3972&offerKey=0a1dff563c4de8fc2d2088cd522b1b05&offerListId=585724-1D82D7ABBC33ED36C519A6161FAC4887&pos=11&price=42.45&productid=585724&sid=28942&type=offer
01-DK-DK-PS100,DKNY WOMEN EDP-S 100ML,763511100019.0,1000+,81.0,21.95,,,0.0,585724.0,amazon.co.uk,£43.50 £435.00/L,https://www.idealo.co.uk/relocator/relocate?categoryId=3972&offerKey=81c186a23009d1f49c5001119ff79e07&offerListId=585724-1D82D7ABBC33ED36C519A6161FAC4887&pos=12&price=43.50&productid=585724&sid=12004&type=offer
01-DK-DK-PS100,DKNY WOMEN EDP-S 100ML,763511100019.0,1000+,81.0,21.95,,,0.0,585724.0,Dressinn.com (UK),£48.99 £489.90/L,https://www.idealo.co.uk/relocator/relocate?categoryId=3972&offerKey=c3df36a4b8a39dd8da402b23419213ae&offerListId=585724-1D82D7ABBC33ED36C519A6161FAC4887&pos=13&price=48.99&productid=585724&sid=318629&type=offer
01-DK-DK-PS100,DKNY WOMEN EDP-S 100ML,763511100019.0,1000+,81.0,21.95,,,0.0,585724.0,parfumdreams.co.uk,£54.06 £540.60/L,https://www.idealo.co.uk/relocator/relocate?categoryId=3972&offerKey=c7bb8bd5cbb47e49d01c26da5e44f74d&offerListId=585724-1D82D7ABBC33ED36C519A6161FAC4887&pos=14&price=54.06&productid=585724&sid=316458&type=offer
01-DK-DK-PS100,DKNY WOMEN EDP-S 100ML,763511100019.0,1000+,81.0,21.95,,,0.0,585724.0,notino.co.uk,£54.10 £541.00/L,https://www.idealo.co.uk/relocator/relocate?categoryId=3972&offerKey=90cd561ef25a2bd46d6a6cdbfea0403c&offerListId=585724-1D82D7ABBC33ED36C519A6161FAC4887&pos=15&price=54.10&productid=585724&sid=307734&type=offer
01-DK-DK-PS100,DKNY WOMEN EDP-S 100ML,763511100019.0,1000+,81.0,21.95,,,0.0,585724.0,Expresschemist.co.uk,£54.99 £549.90/L,https://www.idealo.co.uk/relocator/relocate?categoryId=3972&offerKey=df2eaaedced4c64b06916de06d3e3bde&offerListId=585724-1D82D7ABBC33ED36C519A6161FAC4887&pos=16&price=54.99&productid=585724&sid=22167&type=offer
01-DK-DK-PS100,DKNY WOMEN EDP-S 100ML,763511100019.0,1000+,81.0,21.95,,,0.0,585724.0,onbuy.com,£55.99 £559.90/L,https://www.idealo.co.uk/relocator/relocate?categoryId=3972&offerKey=19efad18ad4fad84d265ea33eeb380b1&offerListId=585724-1D82D7ABBC33ED36C519A6161FAC4887&pos=17&price=55.99&productid=585724&sid=316895&type=offer
01-DK-DK-PS100,DKNY WOMEN EDP-S 100ML,763511100019.0,1000+,81.0,21.95,,,0.0,585724.0,Thefragrancecounter.com (UK),£64.80 £648.00/L,https://www.idealo.co.uk/relocator/relocate?categoryId=3972&offerKey=81315c7a250509538e38e7fa9346579e&offerListId=585724-1D82D7ABBC33ED36C519A6161FAC4887&pos=18&price=64.80&productid=585724&sid=299378&type=offer
01-DK-DK-PS100,DKNY WOMEN EDP-S 100ML,763511100019.0,1000+,81.0,21.95,,,0.0,585724.0,perfumeuk.co.uk,£65.00 £650.00/L,https://www.idealo.co.uk/relocator/relocate?categoryId=3972&offerKey=febf91a57a4fd1881952f8bbb0418edd&offerListId=585724-1D82D7ABBC33ED36C519A6161FAC4887&pos=19&price=65.00&productid=585724&sid=323991&type=offer
01-DK-DK-PS100,DKNY WOMEN EDP-S 100ML,763511100019.0,1000+,81.0,21.95,,,0.0,585724.0,escentual.com(UK),£67.50 £675.00/L,https://www.idealo.co.uk/relocator/relocate?categoryId=3972&offerKey=bffc2903b63ea16ec79e6f84362ece5a&offerListId=585724-1D82D7ABBC33ED36C519A6161FAC4887&pos=20&price=67.50&productid=585724&sid=21988&type=offer
01-DK-DK-TS100,DKNY WOMEN EDT-S 100ML,85715950284.0,1000+,62.0,17.95,,,0.0,2612903.0,cosmetify.com,£29.99 £299.90/L,https://www.idealo.co.uk/relocator/relocate?categoryId=3972&offerKey=826ca73dcbe6d90aa1de2ef3411f3216&offerListId=2612903-A8374743FBD2FC677AC479DCE9F509FA&pos=1&price=29.99&productid=2612903&sid=329503&type=offer
01-DK-DK-TS100,DKNY WOMEN EDT-S 100ML,85715950284.0,1000+,62.0,17.95,,,0.0,2612903.0,ebay.co.uk,£30.50 £305.00/L,https://www.idealo.co.uk/relocator/relocate?categoryId=3972&offerKey=82663905ff8baddd71c2e79531cb9057&offerListId=2612903-A8374743FBD2FC677AC479DCE9F509FA&pos=2&price=30.50&productid=2612903&sid=22818&type=offer
01-DK-DK-TS100,DKNY WOMEN EDT-S 100ML,85715950284.0,1000+,62.0,17.95,,,0.0,2612903.0,Perfumeclick.co.uk,£30.80 £308.00/L,https://www.idealo.co.uk/relocator/relocate?categoryId=3972&offerKey=a61c9c60b7b6c833892dfaa559f96242&offerListId=2612903-A8374743FBD2FC677AC479DCE9F509FA&pos=3&price=30.80&productid=2612903&sid=69736&type=offer
01-DK-DK-TS100,DKNY WOMEN EDT-S 100ML,85715950284.0,1000+,62.0,17.95,,,0.0,2612903.0,perfumedirect.com,£31.99 £319.90/L,https://www.idealo.co.uk/relocator/relocate?categoryId=3972&offerKey=4b3c8a6882ef239500cc48c360a74bfb&offerListId=2612903-A8374743FBD2FC677AC479DCE9F509FA&pos=4&price=31.99&productid=2612903&sid=318630&type=offer
01-DK-DK-TS100,DKNY WOMEN EDT-S 100ML,85715950284.0,1000+,62.0,17.95,,,0.0,2612903.0,amazon.co.uk,£34.21 £342.10/L,https://www.idealo.co.uk/relocator/relocate?categoryId=3972&offerKey=c997bedf5f81582efd21a4de41f2fe21&offerListId=2612903-A8374743FBD2FC677AC479DCE9F509FA&pos=5&price=34.21&productid=2612903&sid=12004&type=offer
01-DK-DK-TS100,DKNY WOMEN EDT-S 100ML,85715950284.0,1000+,62.0,17.95,,,0.0,2612903.0,Amazon-marketplace.co.uk,£34.85 £348.50/L,https://www.idealo.co.uk/relocator/relocate?categoryId=3972&offerKey=51665cd6aacca685b503f38ef31295f9&offerListId=2612903-A8374743FBD2FC677AC479DCE9F509FA&pos=6&price=34.85&productid=2612903&sid=22828&type=offer
01-DK-DK-TS100,DKNY WOMEN EDT-S 100ML,85715950284.0,1000+,62.0,17.95,,,0.0,2612903.0,escentual.com(UK),£35.00 £350.00/L,https://www.idealo.co.uk/relocator/relocate?categoryId=3972&offerKey=8dcd6b0a7f69833feaa2cf5ff354ff58&offerListId=2612903-A8374743FBD2FC677AC479DCE9F509FA&pos=7&price=35.00&productid=2612903&sid=21988&type=offer
01-DK-DK-TS100,DKNY WOMEN EDT-S 100ML,85715950284.0,1000+,62.0,17.95,,,0.0,2612903.0,perfumeuk.co.uk,£35.00 £350.00/L,https://www.idealo.co.uk/relocator/relocate?categoryId=3972&offerKey=384e48a9de92c1dbeb0565a05340546d&offerListId=2612903-A8374743FBD2FC677AC479DCE9F509FA&pos=8&price=35.00&productid=2612903&sid=323991&type=offer
01-DK-DK-TS100,DKNY WOMEN EDT-S 100ML,85715950284.0,1000+,62.0,17.95,,,0.0,2612903.0,onbuy.com,£35.62 £356.20/L,https://www.idealo.co.uk/relocator/relocate?categoryId=3972&offerKey=990508a0742c82ccdb353bcbb5e311b9&offerListId=2612903-A8374743FBD2FC677AC479DCE9F509FA&pos=9&price=35.62&productid=2612903&sid=316895&type=offer
01-DK-DK-TS100,DKNY WOMEN EDT-S 100ML,85715950284.0,1000+,62.0,17.95,,,0.0,2612903.0,Boots.com (UK),£35.70 £357.00/L,https://www.idealo.co.uk/relocator/relocate?categoryId=3972&offerKey=4dbfbc67b54192562010b7c09a2a42b5&offerListId=2612903-A8374743FBD2FC677AC479DCE9F509FA&pos=10&price=35.70&productid=2612903&sid=27286&type=offer
01-DK-DK-TS100,DKNY WOMEN EDT-S 100ML,85715950284.0,1000+,62.0,17.95,,,0.0,2612903.0,Dressinn.com (UK),£36.49 £364.90/L,https://www.idealo.co.uk/relocator/relocate?categoryId=3972&offerKey=7521830d1a0f84e8ee5ec8a8488f1424&offerListId=2612903-A8374743FBD2FC677AC479DCE9F509FA&pos=11&price=36.49&productid=2612903&sid=318629&type=offer
01-DK-DK-TS100,DKNY WOMEN EDT-S 100ML,85715950284.0,1000+,62.0,17.95,,,0.0,2612903.0,allbeauty.com(UK),£36.95 £369.50/L,https://www.idealo.co.uk/relocator/relocate?categoryId=3972&offerKey=42d050751d49b3ff25694ea8f5bdd9e1&offerListId=2612903-A8374743FBD2FC677AC479DCE9F509FA&pos=12&price=36.95&productid=2612903&sid=28942&type=offer
01-DK-DK-TS100,DKNY WOMEN EDT-S 100ML,85715950284.0,1000+,62.0,17.95,,,0.0,2612903.0,onbuy.com,£37.29 £372.90/L,https://www.idealo.co.uk/relocator/relocate?categoryId=3972&offerKey=7eaab6af250a89e2f2c6cb82f1099bee&offerListId=2612903-A8374743FBD2FC677AC479DCE9F509FA&pos=13&price=37.29&productid=2612903&sid=316895&type=offer
01-DK-DK-TS100,DKNY WOMEN EDT-S 100ML,85715950284.0,1000+,62.0,17.95,,,0.0,2612903.0,onbuy.com,£39.99 £399.90/L,https://www.idealo.co.uk/relocator/relocate?categoryId=3972&offerKey=d22e98b20c8dfd878505add05df1cada&offerListId=2612903-A8374743FBD2FC677AC479DCE9F509FA&pos=14&price=39.99&productid=2612903&sid=316895&type=offer
01-DK-DK-TS100,DKNY WOMEN EDT-S 100ML,85715950284.0,1000+,62.0,17.95,,,0.0,2612903.0,Tjhughes.co.uk,£40.00 £400.00/L,https://www.idealo.co.uk/relocator/relocate?categoryId=3972&offerKey=cd45556334dc349054ab8e835d7e13b4&offerListId=2612903-A8374743FBD2FC677AC479DCE9F509FA&pos=15&price=40.00&productid=2612903&sid=28759&type=offer
01-DK-DK-TS100,DKNY WOMEN EDT-S 100ML,85715950284.0,1000+,62.0,17.95,,,0.0,2612903.0,freemans.com (UK),£42.00 £420.00/L,https://www.idealo.co.uk/relocator/relocate?categoryId=3972&offerKey=4ec8b0713e79248a1969bfde8ae4c71a&offerListId=2612903-A8374743FBD2FC677AC479DCE9F509FA&pos=16&price=42.00&productid=2612903&sid=320471&type=offer
01-DK-DK-TS100,DKNY WOMEN EDT-S 100ML,85715950284.0,1000+,62.0,17.95,,,0.0,2612903.0,,£47.60 £476.00/L,https://www.idealo.co.uk/relocator/relocate?categoryId=3972&offerKey=75f066709fad89a4097f9cbe56ae3419&offerListId=2612903-A8374743FBD2FC677AC479DCE9F509FA&pos=17&price=47.60&productid=2612903&sid=307734&type=offer
01-DK-DK-TS100,DKNY WOMEN EDT-S 100ML,85715950284.0,1000+,62.0,17.95,,,0.0,2612903.0,cosmetify.com,£29.99 £299.90/L,https://www.idealo.co.uk/relocator/relocate?categoryId=3972&offerKey=826ca73dcbe6d90aa1de2ef3411f3216&offerListId=2612903-A8374743FBD2FC677AC479DCE9F509FA&pos=1&price=29.99&productid=2612903&sid=329503&type=offer
01-DK-DK-TS100,DKNY WOMEN EDT-S 100ML,85715950284.0,1000+,62.0,17.95,,,0.0,2612903.0,ebay.co.uk,£30.50 £305.00/L,https://www.idealo.co.uk/relocator/relocate?categoryId=3972&offerKey=82663905ff8baddd71c2e79531cb9057&offerListId=2612903-A8374743FBD2FC677AC479DCE9F509FA&pos=2&price=30.50&productid=2612903&sid=22818&type=offer
01-DK-DK-TS100,DKNY WOMEN EDT-S 100ML,85715950284.0,1000+,62.0,17.95,,,0.0,2612903.0,Perfumeclick.co.uk,£30.80 £308.00/L,https://www.idealo.co.uk/relocator/relocate?categoryId=3972&offerKey=a61c9c60b7b6c833892dfaa559f96242&offerListId=2612903-A8374743FBD2FC677AC479DCE9F509FA&pos=3&price=30.80&productid=2612903&sid=69736&type=offer
01-DK-DK-TS100,DKNY WOMEN EDT-S 100ML,85715950284.0,1000+,62.0,17.95,,,0.0,2612903.0,perfumedirect.com,£31.99 £319.90/L,https://www.idealo.co.uk/relocator/relocate?categoryId=3972&offerKey=4b3c8a6882ef239500cc48c360a74bfb&offerListId=2612903-A8374743FBD2FC677AC479DCE9F509FA&pos=4&price=31.99&productid=2612903&sid=318630&type=offer
01-DK-DK-TS100,DKNY WOMEN EDT-S 100ML,85715950284.0,1000+,62.0,17.95,,,0.0,2612903.0,amazon.co.uk,£34.21 £342.10/L,https://www.idealo.co.uk/relocator/relocate?categoryId=3972&offerKey=c997bedf5f81582efd21a4de41f2fe21&offerListId=2612903-A8374743FBD2FC677AC479DCE9F509FA&pos=5&price=34.21&productid=2612903&sid=12004&type=offer
01-DK-DK-TS100,DKNY WOMEN EDT-S 100ML,85715950284.0,1000+,62.0,17.95,,,0.0,2612903.0,Amazon-marketplace.co.uk,£34.85 £348.50/L,https://www.idealo.co.uk/relocator/relocate?categoryId=3972&offerKey=51665cd6aacca685b503f38ef31295f9&offerListId=2612903-A8374743FBD2FC677AC479DCE9F509FA&pos=6&price=34.85&productid=2612903&sid=22828&type=offer
01-DK-DK-TS100,DKNY WOMEN EDT-S 100ML,85715950284.0,1000+,62.0,17.95,,,0.0,2612903.0,escentual.com(UK),£35.00 £350.00/L,https://www.idealo.co.uk/relocator/relocate?categoryId=3972&offerKey=8dcd6b0a7f69833feaa2cf5ff354ff58&offerListId=2612903-A8374743FBD2FC677AC479DCE9F509FA&pos=7&price=35.00&productid=2612903&sid=21988&type=offer
01-DK-DK-TS100,DKNY WOMEN EDT-S 100ML,85715950284.0,1000+,62.0,17.95,,,0.0,2612903.0,perfumeuk.co.uk,£35.00 £350.00/L,https://www.idealo.co.uk/relocator/relocate?categoryId=3972&offerKey=384e48a9de92c1dbeb0565a05340546d&offerListId=2612903-A8374743FBD2FC677AC479DCE9F509FA&pos=8&price=35.00&productid=2612903&sid=323991&type=offer
01-DK-DK-TS100,DKNY WOMEN EDT-S 100ML,85715950284.0,1000+,62.0,17.95,,,0.0,2612903.0,onbuy.com,£35.62 £356.20/L,https://www.idealo.co.uk/relocator/relocate?categoryId=3972&offerKey=990508a0742c82ccdb353bcbb5e311b9&offerListId=2612903-A8374743FBD2FC677AC479DCE9F509FA&pos=9&price=35.62&productid=2612903&sid=316895&type=offer
01-DK-DK-TS100,DKNY WOMEN EDT-S 100ML,85715950284.0,1000+,62.0,17.95,,,0.0,2612903.0,Boots.com (UK),£35.70 £357.00/L,https://www.idealo.co.uk/relocator/relocate?categoryId=3972&offerKey=4dbfbc67b54192562010b7c09a2a42b5&offerListId=2612903-A8374743FBD2FC677AC479DCE9F509FA&pos=10&price=35.70&productid=2612903&sid=27286&type=offer
01-DK-DK-TS100,DKNY WOMEN EDT-S 100ML,85715950284.0,1000+,62.0,17.95,,,0.0,2612903.0,Dressinn.com (UK),£36.49 £364.90/L,https://www.idealo.co.uk/relocator/relocate?categoryId=3972&offerKey=7521830d1a0f84e8ee5ec8a8488f1424&offerListId=2612903-A8374743FBD2FC677AC479DCE9F509FA&pos=11&price=36.49&productid=2612903&sid=318629&type=offer
01-DK-DK-TS100,DKNY WOMEN EDT-S 100ML,85715950284.0,1000+,62.0,17.95,,,0.0,2612903.0,allbeauty.com(UK),£36.95 £369.50/L,https://www.idealo.co.uk/relocator/relocate?categoryId=3972&offerKey=42d050751d49b3ff25694ea8f5bdd9e1&offerListId=2612903-A8374743FBD2FC677AC479DCE9F509FA&pos=12&price=36.95&productid=2612903&sid=28942&type=offer
01-DK-DK-TS100,DKNY WOMEN EDT-S 100ML,85715950284.0,1000+,62.0,17.95,,,0.0,2612903.0,onbuy.com,£37.29 £372.90/L,https://www.idealo.co.uk/relocator/relocate?categoryId=3972&offerKey=7eaab6af250a89e2f2c6cb82f1099bee&offerListId=2612903-A8374743FBD2FC677AC479DCE9F509FA&pos=13&price=37.29&productid=2612903&sid=316895&type=offer
01-DK-DK-TS100,DKNY WOMEN EDT-S 100ML,85715950284.0,1000+,62.0,17.95,,,0.0,2612903.0,onbuy.com,£39.99 £399.90/L,https://www.idealo.co.uk/relocator/relocate?categoryId=3972&offerKey=d22e98b20c8dfd878505add05df1cada&offerListId=2612903-A8374743FBD2FC677AC479DCE9F509FA&pos=14&price=39.99&productid=2612903&sid=316895&type=offer
01-DK-DK-TS100,DKNY WOMEN EDT-S 100ML,85715950284.0,1000+,62.0,17.95,,,0.0,2612903.0,Tjhughes.co.uk,£40.00 £400.00/L,https://www.idealo.co.uk/relocator/relocate?categoryId=3972&offerKey=cd45556334dc349054ab8e835d7e13b4&offerListId=2612903-A8374743FBD2FC677AC479DCE9F509FA&pos=15&price=40.00&productid=2612903&sid=28759&type=offer
01-DK-DK-TS100,DKNY WOMEN EDT-S 100ML,85715950284.0,1000+,62.0,17.95,,,0.0,2612903.0,freemans.com (UK),£42.00 £420.00/L,https://www.idealo.co.uk/relocator/relocate?categoryId=3972&offerKey=4ec8b0713e79248a1969bfde8ae4c71a&offerListId=2612903-A8374743FBD2FC677AC479DCE9F509FA&pos=16&price=42.00&productid=2612903&sid=320471&type=offer
01-DK-DK-TS100,DKNY WOMEN EDT-S 100ML,85715950284.0,1000+,62.0,17.95,,,0.0,2612903.0,,£47.60 £476.00/L,https://www.idealo.co.uk/relocator/relocate?categoryId=3972&offerKey=75f066709fad89a4097f9cbe56ae3419&offerListId=2612903-A8374743FBD2FC677AC479DCE9F509FA&pos=17&price=47.60&productid=2612903&sid=307734&type=offer
01-DK-EDEL-PS100,DKNY BE EXTRA DELICIOUS EDP-S 100ML,85715950147.0,1000+,81.0,17.95,,,0.0,200730551.0,Perfumeclick.co.uk,£29.70 £297.00/L,https://www.idealo.co.uk/relocator/relocate?categoryId=3972&offerKey=9922a9e64272c462a5b9aa976e2812c1&offerListId=200730551-3F3F9C4EE8F251443AB467B015F30A2B&pos=1&price=29.70&productid=200730551&sid=69736&type=offer
01-DK-EDEL-PS100,DKNY BE EXTRA DELICIOUS EDP-S 100ML,85715950147.0,1000+,81.0,17.95,,,0.0,200730551.0,perfumeprice.co.uk,£33.95 £339.50/L,https://www.idealo.co.uk/relocator/relocate?categoryId=3972&offerKey=2ad3896b29a3c3a4f96f6126a4f6772c&offerListId=200730551-3F3F9C4EE8F251443AB467B015F30A2B&pos=2&price=33.95&productid=200730551&sid=321700&type=offer
01-DK-EDEL-PS100,DKNY BE EXTRA DELICIOUS EDP-S 100ML,85715950147.0,1000+,81.0,17.95,,,0.0,200730551.0,onbuy.com,£35.37 £353.70/L,https://www.idealo.co.uk/relocator/relocate?categoryId=3972&offerKey=4006eb02a454720b99deaedb9e95abd2&offerListId=200730551-3F3F9C4EE8F251443AB467B015F30A2B&pos=3&price=35.37&productid=200730551&sid=316895&type=offer
01-DK-EDEL-PS100,DKNY BE EXTRA DELICIOUS EDP-S 100ML,85715950147.0,1000+,81.0,17.95,,,0.0,200730551.0,,£36.08 £360.80/L,https://www.idealo.co.uk/relocator/relocate?categoryId=3972&offerKey=1b91cc97fef8d228fd901b95d6addda8&offerListId=200730551-3F3F9C4EE8F251443AB467B015F30A2B&pos=4&price=36.08&productid=200730551&sid=307734&type=offer
01-DK-EDEL-PS100,DKNY BE EXTRA DELICIOUS EDP-S 100ML,85715950147.0,1000+,81.0,17.95,,,0.0,200730551.0,Amazon-marketplace.co.uk,£36.49 £364.90/L,https://www.idealo.co.uk/relocator/relocate?categoryId=3972&offerKey=a1d8c86925db34e6b9a9db67a06f94d5&offerListId=200730551-3F3F9C4EE8F251443AB467B015F30A2B&pos=5&price=36.49&productid=200730551&sid=22828&type=offer
01-DK-EDEL-PS100,DKNY BE EXTRA DELICIOUS EDP-S 100ML,85715950147.0,1000+,81.0,17.95,,,0.0,200730551.0,amazon.co.uk,£38.09 £380.90/L,https://www.idealo.co.uk/relocator/relocate?categoryId=3972&offerKey=31adbc67518499e31a541443c60c11dc&offerListId=200730551-3F3F9C4EE8F251443AB467B015F30A2B&pos=6&price=38.09&productid=200730551&sid=12004&type=offer
01-DK-EDEL-PS100,DKNY BE EXTRA DELICIOUS EDP-S 100ML,85715950147.0,1000+,81.0,17.95,,,0.0,200730551.0,ebay.co.uk,£38.95 £389.50/L,https://www.idealo.co.uk/relocator/relocate?categoryId=3972&offerKey=3b0480e6bc714f5fb5da142dcffebde5&offerListId=200730551-3F3F9C4EE8F251443AB467B015F30A2B&pos=7&price=38.95&productid=200730551&sid=22818&type=offer
01-DK-EDEL-PS100,DKNY BE EXTRA DELICIOUS EDP-S 100ML,85715950147.0,1000+,81.0,17.95,,,0.0,200730551.0,cosmetify.com,£40.99 £409.90/L,https://www.idealo.co.uk/relocator/relocate?categoryId=3972&offerKey=844d6cede5d05c1fb983b4742cdb9d1b&offerListId=200730551-3F3F9C4EE8F251443AB467B015F30A2B&pos=8&price=40.99&productid=200730551&sid=329503&type=offer
01-DK-EDEL-PS100,DKNY BE EXTRA DELICIOUS EDP-S 100ML,85715950147.0,1000+,81.0,17.95,,,0.0,200730551.0,perfumedirect.com,£40.99 £409.90/L,https://www.idealo.co.uk/relocator/relocate?categoryId=3972&offerKey=0beb66d43de97756ef3483135b565a58&offerListId=200730551-3F3F9C4EE8F251443AB467B015F30A2B&pos=9&price=40.99&productid=200730551&sid=318630&type=offer
01-DK-EDEL-PS100,DKNY BE EXTRA DELICIOUS EDP-S 100ML,85715950147.0,1000+,81.0,17.95,,,0.0,200730551.0,perfumeuk.co.uk,£41.00 £410.00/L,https://www.idealo.co.uk/relocator/relocate?categoryId=3972&offerKey=12c8ba3eed47fbb1376fa0238fa6b1cc&offerListId=200730551-3F3F9C4EE8F251443AB467B015F30A2B&pos=10&price=41.00&productid=200730551&sid=323991&type=offer
01-DK-EDEL-PS100,DKNY BE EXTRA DELICIOUS EDP-S 100ML,85715950147.0,1000+,81.0,17.95,,,0.0,200730551.0,freemans.com (UK),£49.00 £490.00/L,https://www.idealo.co.uk/relocator/relocate?categoryId=3972&offerKey=67142a8bc382537ef924d2bbdf4cc4c2&offerListId=200730551-3F3F9C4EE8F251443AB467B015F30A2B&pos=11&price=49.00&productid=200730551&sid=320471&type=offer
01-DK-EDEL-PS100,DKNY BE EXTRA DELICIOUS EDP-S 100ML,85715950147.0,1000+,81.0,17.95,,,0.0,200730551.0,Dressinn.com (UK),£53.49 £534.90/L,https://www.idealo.co.uk/relocator/relocate?categoryId=3972&offerKey=9f8f696b248c4a09cb988e18beb9a4d7&offerListId=200730551-3F3F9C4EE8F251443AB467B015F30A2B&pos=12&price=53.49&productid=200730551&sid=318629&type=offer
01-DK-EDEL-PS100,DKNY BE EXTRA DELICIOUS EDP-S 100ML,85715950147.0,1000+,81.0,17.95,,,0.0,200730551.0,unineed.com,£55.80 £558.00/L,https://www.idealo.co.uk/relocator/relocate?categoryId=3972&offerKey=317b38b7bce4171dfb31ad1aaa28826a&offerListId=200730551-3F3F9C4EE8F251443AB467B015F30A2B&pos=13&price=55.80&productid=200730551&sid=314440&type=offer
01-DK-EDEL-PS100,DKNY BE EXTRA DELICIOUS EDP-S 100ML,85715950147.0,1000+,81.0,17.95,,,0.0,200730551.0,Luxplus.co.uk,£60.99 £609.90/L,https://www.idealo.co.uk/relocator/relocate?categoryId=3972&offerKey=e794435cd05e89ca0a1a85e2ed10a8f1&offerListId=200730551-3F3F9C4EE8F251443AB467B015F30A2B&pos=14&price=60.99&productid=200730551&sid=322970&type=offer
01-DK-EDEL-PS100,DKNY BE EXTRA DELICIOUS EDP-S 100ML,85715950147.0,1000+,81.0,17.95,,,0.0,200730551.0,onbuy.com,£69.80 £698.00/L,https://www.idealo.co.uk/relocator/relocate?categoryId=3972&offerKey=1e3248a3ef18ce063addcd4b2f17e64c&offerListId=200730551-3F3F9C4EE8F251443AB467B015F30A2B&pos=15&price=69.80&productid=200730551&sid=316895&type=offer
01-DK-EDEL-PS100,DKNY BE EXTRA DELICIOUS EDP-S 100ML,85715950147.0,1000+,81.0,17.95,,,0.0,200730551.0,cazaar.co.uk,£87.08 £870.80/L,https://www.idealo.co.uk/relocator/relocate?categoryId=3972&offerKey=140702503e6093926981ebd7805b04ff&offerListId=200730551-3F3F9C4EE8F251443AB467B015F30A2B&pos=16&price=87.08&productid=200730551&sid=331015&type=offer
01-DK-EDEL-PS30,DKNY BE EXTRA DELICIOUS EDP-S 30ML,85715950161.0,912,47.0,10.95,,,0.0,202838787.0,ebay.co.uk,£21.28 £709.33/L,https://www.idealo.co.uk/relocator/relocate?categoryId=3972&offerKey=38cebb64e2998403a2f341d7f36fc937&offerListId=202838787-976B589EEE89722DEBC4C2A0ACD8C1CC&pos=1&price=21.28&productid=202838787&sid=22818&type=offer
01-DK-EDEL-PS30,DKNY BE EXTRA DELICIOUS EDP-S 30ML,85715950161.0,912,47.0,10.95,,,0.0,202838787.0,Tjhughes.co.uk,£22.00 £733.33/L,https://www.idealo.co.uk/relocator/relocate?categoryId=3972&offerKey=8c24d37d8e72fc70f83a253e6ae89f7a&offerListId=202838787-976B589EEE89722DEBC4C2A0ACD8C1CC&pos=2&price=22.00&productid=202838787&sid=28759&type=offer
01-DK-EDEL-PS30,DKNY BE EXTRA DELICIOUS EDP-S 30ML,85715950161.0,912,47.0,10.95,,,0.0,202838787.0,,£24.24 £808.00/L,https://www.idealo.co.uk/relocator/relocate?categoryId=3972&offerKey=4c6ac762a3b81c63c0b65ed17ead74b8&offerListId=202838787-976B589EEE89722DEBC4C2A0ACD8C1CC&pos=3&price=24.24&productid=202838787&sid=307734&type=offer
01-DK-EDEL-PS30,DKNY BE EXTRA DELICIOUS EDP-S 30ML,85715950161.0,912,47.0,10.95,,,0.0,202838787.0,Amazon-marketplace.co.uk,£24.49 £816.33/L,https://www.idealo.co.uk/relocator/relocate?categoryId=3972&offerKey=549f0aec2b8e780d78622c2601c880d5&offerListId=202838787-976B589EEE89722DEBC4C2A0ACD8C1CC&pos=4&price=24.49&productid=202838787&sid=22828&type=offer
01-DK-EDEL-PS30,DKNY BE EXTRA DELICIOUS EDP-S 30ML,85715950161.0,912,47.0,10.95,,,0.0,202838787.0,amazon.co.uk,£25.00 £833.33/L,https://www.idealo.co.uk/relocator/relocate?categoryId=3972&offerKey=4c9012ca6f2ee9fe58b55330782ee626&offerListId=202838787-976B589EEE89722DEBC4C2A0ACD8C1CC&pos=5&price=25.00&productid=202838787&sid=12004&type=offer
01-DK-EDEL-PS30,DKNY BE EXTRA DELICIOUS EDP-S 30ML,85715950161.0,912,47.0,10.95,,,0.0,202838787.0,cosmetify.com,£26.81 £893.67/L,https://www.idealo.co.uk/relocator/relocate?categoryId=3972&offerKey=ed00b96e7cd11aaf236b66dfc2a2a51d&offerListId=202838787-976B589EEE89722DEBC4C2A0ACD8C1CC&pos=6&price=26.81&productid=202838787&sid=329503&type=offer
01-DK-EDEL-PS30,DKNY BE EXTRA DELICIOUS EDP-S 30ML,85715950161.0,912,47.0,10.95,,,0.0,202838787.0,Lookfantastic.com (UK),£28.20 £940.00/L,https://www.idealo.co.uk/relocator/relocate?categoryId=3972&offerKey=68c8008380a8cdcb822ef606e454d159&offerListId=202838787-976B589EEE89722DEBC4C2A0ACD8C1CC&pos=7&price=28.20&productid=202838787&sid=24416&type=offer
01-DK-FB-50093,DKNY FRESH BLOSSOM EDP-S 50ML,85715950093.0,475,58.0,11.95,,,0.0,1679564.0,Perfumeclick.co.uk,£20.90 £418.00/L,https://www.idealo.co.uk/relocator/relocate?categoryId=3972&offerKey=229644972a7c945cc7af7f604c338102&offerListId=1679564-6521EBC598684BDA48A1746B6BC2199D&pos=1&price=20.90&productid=1679564&sid=69736&type=offer
01-DK-FB-50093,DKNY FRESH BLOSSOM EDP-S 50ML,85715950093.0,475,58.0,11.95,,,0.0,1679564.0,beautybase.com(UK),£21.00 £420.00/L,https://www.idealo.co.uk/relocator/relocate?categoryId=3972&offerKey=9e3b46af6a243f5334f6874b3979506f&offerListId=1679564-6521EBC598684BDA48A1746B6BC2199D&pos=2&price=21.00&productid=1679564&sid=299115&type=offer
01-DK-FB-50093,DKNY FRESH BLOSSOM EDP-S 50ML,85715950093.0,475,58.0,11.95,,,0.0,1679564.0,cosmetify.com,£21.95 £439.00/L,https://www.idealo.co.uk/relocator/relocate?categoryId=3972&offerKey=8a958543a899a1ad30fc52193706969f&offerListId=1679564-6521EBC598684BDA48A1746B6BC2199D&pos=3&price=21.95&productid=1679564&sid=329503&type=offer
01-DK-FB-50093,DKNY FRESH BLOSSOM EDP-S 50ML,85715950093.0,475,58.0,11.95,,,0.0,1679564.0,onbuy.com,£22.21 £444.20/L,https://www.idealo.co.uk/relocator/relocate?categoryId=3972&offerKey=de8ee0e28bdc3f1c0827e72a1b2ee108&offerListId=1679564-6521EBC598684BDA48A1746B6BC2199D&pos=4&price=22.21&productid=1679564&sid=316895&type=offer
01-DK-FB-50093,DKNY FRESH BLOSSOM EDP-S 50ML,85715950093.0,475,58.0,11.95,,,0.0,1679564.0,onbuy.com,£23.31 £466.20/L,https://www.idealo.co.uk/relocator/relocate?categoryId=3972&offerKey=199530f585dc424d595f7ebfe676c540&offerListId=1679564-6521EBC598684BDA48A1746B6BC2199D&pos=5&price=23.31&productid=1679564&sid=316895&type=offer
01-DK-FB-50093,DKNY FRESH BLOSSOM EDP-S 50ML,85715950093.0,475,58.0,11.95,,,0.0,1679564.0,ebay.co.uk,£23.63 £472.60/L,https://www.idealo.co.uk/relocator/relocate?categoryId=3972&offerKey=6e3b325722b9fb11a49d64ef04e2f105&offerListId=1679564-6521EBC598684BDA48A1746B6BC2199D&pos=6&price=23.63&productid=1679564&sid=22818&type=offer
01-DK-FB-50093,DKNY FRESH BLOSSOM EDP-S 50ML,85715950093.0,475,58.0,11.95,,,0.0,1679564.0,Amazon-marketplace.co.uk,£24.44 £488.80/L,https://www.idealo.co.uk/relocator/relocate?categoryId=3972&offerKey=38e469a68181dce804d215eb1785cdc3&offerListId=1679564-6521EBC598684BDA48A1746B6BC2199D&pos=7&price=24.44&productid=1679564&sid=22828&type=offer
01-DK-FB-50093,DKNY FRESH BLOSSOM EDP-S 50ML,85715950093.0,475,58.0,11.95,,,0.0,1679564.0,perfumedirect.com,£24.99 £499.80/L,https://www.idealo.co.uk/relocator/relocate?categoryId=3972&offerKey=c368359a0e96dc1fcbd9bdabbbbadcc2&offerListId=1679564-6521EBC598684BDA48A1746B6BC2199D&pos=8&price=24.99&productid=1679564&sid=318630&type=offer
01-DK-FB-50093,DKNY FRESH BLOSSOM EDP-S 50ML,85715950093.0,475,58.0,11.95,,,0.0,1679564.0,my-origines.com(UK),£28.99 £579.80/L,https://www.idealo.co.uk/relocator/relocate?categoryId=3972&offerKey=a6f4b09d75d1df8175192688b661095e&offerListId=1679564-6521EBC598684BDA48A1746B6BC2199D&pos=9&price=28.99&productid=1679564&sid=328503&type=offer
01-DK-FB-50093,DKNY FRESH BLOSSOM EDP-S 50ML,85715950093.0,475,58.0,11.95,,,0.0,1679564.0,,£30.64 £612.80/L,https://www.idealo.co.uk/relocator/relocate?categoryId=3972&offerKey=c4e781a50b23d7a4bd2ff4c321b089b6&offerListId=1679564-6521EBC598684BDA48A1746B6BC2199D&pos=10&price=30.64&productid=1679564&sid=307734&type=offer
01-DK-FB-50093,DKNY FRESH BLOSSOM EDP-S 50ML,85715950093.0,475,58.0,11.95,,,0.0,1679564.0,Dressinn.com (UK),£37.99 £759.80/L,https://www.idealo.co.uk/relocator/relocate?categoryId=3972&offerKey=cd003f37a47446367b2454c0bfc8f1d8&offerListId=1679564-6521EBC598684BDA48A1746B6BC2199D&pos=11&price=37.99&productid=1679564&sid=318629&type=offer
01-DK-FB-50093,DKNY FRESH BLOSSOM EDP-S 50ML,85715950093.0,475,58.0,11.95,,,0.0,1679564.0,Luxplus.co.uk,£45.99 £919.80/L,https://www.idealo.co.uk/relocator/relocate?categoryId=3972&offerKey=62a9541fde9d08404900297193de014f&offerListId=1679564-6521EBC598684BDA48A1746B6BC2199D&pos=12&price=45.99&productid=1679564&sid=322970&type=offer
01-DK-FB-50093,DKNY FRESH BLOSSOM EDP-S 50ML,85715950093.0,475,58.0,11.95,,,0.0,1679564.0,JDwilliams.co.uk,£48.00 £960.00/L,https://www.idealo.co.uk/relocator/relocate?categoryId=3972&offerKey=21c5021f6aac8e2b16d1dcc441ff797e&offerListId=1679564-6521EBC598684BDA48A1746B6BC2199D&pos=13&price=48.00&productid=1679564&sid=273150&type=offer
01-DK-FB-PS100,DKNY FRESH BLOSSOM EDP-S 100ML,85715950086.0,1000+,81.0,17.95,,,0.0,1679567.0,ebay.co.uk,£26.99 £269.90/L,https://www.idealo.co.uk/relocator/relocate?categoryId=3972&offerKey=4a20b74214d9eccd81ebede39b95a114&offerListId=1679567-DD725CDDAFA54E434A044B82749253B2&pos=1&price=26.99&productid=1679567&sid=22818&type=offer
01-DK-FB-PS100,DKNY FRESH BLOSSOM EDP-S 100ML,85715950086.0,1000+,81.0,17.95,,,0.0,1679567.0,cosmetify.com,£29.99 £299.90/L,https://www.idealo.co.uk/relocator/relocate?categoryId=3972&offerKey=7213f8203e70541dfc084ac237c241e6&offerListId=1679567-DD725CDDAFA54E434A044B82749253B2&pos=2&price=29.99&productid=1679567&sid=329503&type=offer
01-DK-FB-PS100,DKNY FRESH BLOSSOM EDP-S 100ML,85715950086.0,1000+,81.0,17.95,,,0.0,1679567.0,Perfumeclick.co.uk,£30.00 £300.00/L,https://www.idealo.co.uk/relocator/relocate?categoryId=3972&offerKey=8f2f29330dc63ba67e1fcbe63ce5f348&offerListId=1679567-DD725CDDAFA54E434A044B82749253B2&pos=3&price=30.00&productid=1679567&sid=69736&type=offer
01-DK-FB-PS100,DKNY FRESH BLOSSOM EDP-S 100ML,85715950086.0,1000+,81.0,17.95,,,0.0,1679567.0,groupon.co.uk,£31.99 £319.90/L,https://www.idealo.co.uk/relocator/relocate?categoryId=3972&offerKey=be1ab738b4e775268db37507a2066e00&offerListId=1679567-DD725CDDAFA54E434A044B82749253B2&pos=4&price=31.99&productid=1679567&sid=313205&type=offer
01-DK-FB-PS100,DKNY FRESH BLOSSOM EDP-S 100ML,85715950086.0,1000+,81.0,17.95,,,0.0,1679567.0,Pharmacy2u.co.uk,£32.40 £324.00/L,https://www.idealo.co.uk/relocator/relocate?categoryId=3972&offerKey=2ae30a48daeac50192f450bfa253c63b&offerListId=1679567-DD725CDDAFA54E434A044B82749253B2&pos=5&price=32.40&productid=1679567&sid=25468&type=offer
01-DK-FB-PS100,DKNY FRESH BLOSSOM EDP-S 100ML,85715950086.0,1000+,81.0,17.95,,,0.0,1679567.0,Amazon-marketplace.co.uk,£33.94 £339.40/L,https://www.idealo.co.uk/relocator/relocate?categoryId=3972&offerKey=7b93ce53699c0ac420640bb7b682f930&offerListId=1679567-DD725CDDAFA54E434A044B82749253B2&pos=6&price=33.94&productid=1679567&sid=22828&type=offer
01-DK-FB-PS100,DKNY FRESH BLOSSOM EDP-S 100ML,85715950086.0,1000+,81.0,17.95,,,0.0,1679567.0,perfumeprice.co.uk,£35.95 £359.50/L,https://www.idealo.co.uk/relocator/relocate?categoryId=3972&offerKey=10dd69d31e2123638c4f903e6f1db420&offerListId=1679567-DD725CDDAFA54E434A044B82749253B2&pos=7&price=35.95&productid=1679567&sid=321700&type=offer
01-DK-FB-PS100,DKNY FRESH BLOSSOM EDP-S 100ML,85715950086.0,1000+,81.0,17.95,,,0.0,1679567.0,amazon.co.uk,£36.45 £364.50/L,https://www.idealo.co.uk/relocator/relocate?categoryId=3972&offerKey=00665dd69ae57c2fba48d81775a43e40&offerListId=1679567-DD725CDDAFA54E434A044B82749253B2&pos=8&price=36.45&productid=1679567&sid=12004&type=offer
01-DK-FB-PS100,DKNY FRESH BLOSSOM EDP-S 100ML,85715950086.0,1000+,81.0,17.95,,,0.0,1679567.0,my-origines.com(UK),£36.46 £364.60/L,https://www.idealo.co.uk/relocator/relocate?categoryId=3972&offerKey=b02d296ba2d002c9f5095c4cab057709&offerListId=1679567-DD725CDDAFA54E434A044B82749253B2&pos=9&price=36.46&productid=1679567&sid=328503&type=offer
01-DK-FB-PS100,DKNY FRESH BLOSSOM EDP-S 100ML,85715950086.0,1000+,81.0,17.95,,,0.0,1679567.0,beautybase.com(UK),£36.95 £369.50/L,https://www.idealo.co.uk/relocator/relocate?categoryId=3972&offerKey=73004345e188874fbb8b5a2e267c04d8&offerListId=1679567-DD725CDDAFA54E434A044B82749253B2&pos=10&price=36.95&productid=1679567&sid=299115&type=offer
01-DK-FB-PS100,DKNY FRESH BLOSSOM EDP-S 100ML,85715950086.0,1000+,81.0,17.95,,,0.0,1679567.0,allbeauty.com(UK),£37.75 £377.50/L,https://www.idealo.co.uk/relocator/relocate?categoryId=3972&offerKey=69fa922e0ff9c0cb00bbabf5c3456886&offerListId=1679567-DD725CDDAFA54E434A044B82749253B2&pos=11&price=37.75&productid=1679567&sid=28942&type=offer
01-DK-FB-PS100,DKNY FRESH BLOSSOM EDP-S 100ML,85715950086.0,1000+,81.0,17.95,,,0.0,1679567.0,onbuy.com,£38.77 £387.70/L,https://www.idealo.co.uk/relocator/relocate?categoryId=3972&offerKey=3f335d7c9ab734345408737932abc420&offerListId=1679567-DD725CDDAFA54E434A044B82749253B2&pos=12&price=38.77&productid=1679567&sid=316895&type=offer
01-DK-FB-PS100,DKNY FRESH BLOSSOM EDP-S 100ML,85715950086.0,1000+,81.0,17.95,,,0.0,1679567.0,perfumedirect.com,£39.99 £399.90/L,https://www.idealo.co.uk/relocator/relocate?categoryId=3972&offerKey=f191712fbb4f9acabf538987fcabc53b&offerListId=1679567-DD725CDDAFA54E434A044B82749253B2&pos=13&price=39.99&productid=1679567&sid=318630&type=offer
01-DK-FB-PS100,DKNY FRESH BLOSSOM EDP-S 100ML,85715950086.0,1000+,81.0,17.95,,,0.0,1679567.0,Dressinn.com (UK),£40.49 £404.90/L,https://www.idealo.co.uk/relocator/relocate?categoryId=3972&offerKey=11c3f83cb29c194f85aecf0180ffcb28&offerListId=1679567-DD725CDDAFA54E434A044B82749253B2&pos=14&price=40.49&productid=1679567&sid=318629&type=offer
01-DK-FB-PS100,DKNY FRESH BLOSSOM EDP-S 100ML,85715950086.0,1000+,81.0,17.95,,,0.0,1679567.0,Lookfantastic.com (UK),£40.50 £405.00/L,https://www.idealo.co.uk/relocator/relocate?categoryId=3972&offerKey=b56c76245e63df3c91db6f978188e5ba&offerListId=1679567-DD725CDDAFA54E434A044B82749253B2&pos=15&price=40.50&productid=1679567&sid=24416&type=offer
01-DK-FB-PS100,DKNY FRESH BLOSSOM EDP-S 100ML,85715950086.0,1000+,81.0,17.95,,,0.0,1679567.0,perfumeuk.co.uk,£41.00 £410.00/L,https://www.idealo.co.uk/relocator/relocate?categoryId=3972&offerKey=5c37347f2840b936ccb3e9fec114d3ae&offerListId=1679567-DD725CDDAFA54E434A044B82749253B2&pos=16&price=41.00&productid=1679567&sid=323991&type=offer
01-DK-FB-PS100,DKNY FRESH BLOSSOM EDP-S 100ML,85715950086.0,1000+,81.0,17.95,,,0.0,1679567.0,Scentsationalperfumes.com,£44.00 £440.00/L,https://www.idealo.co.uk/relocator/relocate?categoryId=3972&offerKey=a8966f588256b8e4e6ef55fb8a82cdd9&offerListId=1679567-DD725CDDAFA54E434A044B82749253B2&pos=17&price=44.00&productid=1679567&sid=282041&type=offer
01-DK-FB-PS100,DKNY FRESH BLOSSOM EDP-S 100ML,85715950086.0,1000+,81.0,17.95,,,0.0,1679567.0,beautybay.com (UK),£49.00 £490.00/L,https://www.idealo.co.uk/relocator/relocate?categoryId=3972&offerKey=e2e5e8f57ffb74daf2195f64038f6743&offerListId=1679567-DD725CDDAFA54E434A044B82749253B2&pos=18&price=49.00&productid=1679567&sid=28191&type=offer
01-DK-FB-PS100,DKNY FRESH BLOSSOM EDP-S 100ML,85715950086.0,1000+,81.0,17.95,,,0.0,1679567.0,notino.co.uk,£51.80 £518.00/L,https://www.idealo.co.uk/relocator/relocate?categoryId=3972&offerKey=27e03a0a543cbc1c6dc7bbb7d073e1d4&offerListId=1679567-DD725CDDAFA54E434A044B82749253B2&pos=19&price=51.80&productid=1679567&sid=307734&type=offer
01-DK-FB-PS100,DKNY FRESH BLOSSOM EDP-S 100ML,85715950086.0,1000+,81.0,17.95,,,0.0,1679567.0,cazaar.co.uk,£56.98 £569.80/L,https://www.idealo.co.uk/relocator/relocate?categoryId=3972&offerKey=2c1c14b09d58c9c771ed5b123192c4fc&offerListId=1679567-DD725CDDAFA54E434A044B82749253B2&pos=20&price=56.98&productid=1679567&sid=331015&type=offer
01-DK-GOLD-PS100,DKNY GOLDEN DELICIOUS EDP-S 100ML,85715950116.0,1000+,70.0,15.75,,,0.0,2549514.0,Perfumeclick.co.uk,£27.15 £271.50/L,https://www.idealo.co.uk/relocator/relocate?categoryId=3972&offerKey=32c1dc2621e73109f326eea39d5e7387&offerListId=2549514-B2A6862275FF21E90CE5FC382EC8744C&pos=1&price=27.15&productid=2549514&sid=69736&type=offer
01-DK-GOLD-PS100,DKNY GOLDEN DELICIOUS EDP-S 100ML,85715950116.0,1000+,70.0,15.75,,,0.0,2549514.0,cosmetify.com,£28.51 £285.10/L,https://www.idealo.co.uk/relocator/relocate?categoryId=3972&offerKey=a666067d122efb3a234a08c3d1216cf7&offerListId=2549514-B2A6862275FF21E90CE5FC382EC8744C&pos=2&price=28.51&productid=2549514&sid=329503&type=offer
01-DK-GOLD-PS100,DKNY GOLDEN DELICIOUS EDP-S 100ML,85715950116.0,1000+,70.0,15.75,,,0.0,2549514.0,allbeauty.com(UK),£29.95 £299.50/L,https://www.idealo.co.uk/relocator/relocate?categoryId=3972&offerKey=54aae485f971373dce583e44487fc5e1&offerListId=2549514-B2A6862275FF21E90CE5FC382EC8744C&pos=3&price=29.95&productid=2549514&sid=28942&type=offer
01-DK-GOLD-PS100,DKNY GOLDEN DELICIOUS EDP-S 100ML,85715950116.0,1000+,70.0,15.75,,,0.0,2549514.0,onbuy.com,£29.99 £299.90/L,https://www.idealo.co.uk/relocator/relocate?categoryId=3972&offerKey=2eac90861274e3646af3eaad712418b3&offerListId=2549514-B2A6862275FF21E90CE5FC382EC8744C&pos=4&price=29.99&productid=2549514&sid=316895&type=offer
01-DK-GOLD-PS100,DKNY GOLDEN DELICIOUS EDP-S 100ML,85715950116.0,1000+,70.0,15.75,,,0.0,2549514.0,perfumedirect.com,£29.99 £299.90/L,https://www.idealo.co.uk/relocator/relocate?categoryId=3972&offerKey=3a5cf713a975371775f3ce17935b94e3&offerListId=2549514-B2A6862275FF21E90CE5FC382EC8744C&pos=5&price=29.99&productid=2549514&sid=318630&type=offer
01-DK-GOLD-PS100,DKNY GOLDEN DELICIOUS EDP-S 100ML,85715950116.0,1000+,70.0,15.75,,,0.0,2549514.0,onbuy.com,£32.70 £327.00/L,https://www.idealo.co.uk/relocator/relocate?categoryId=3972&offerKey=a84838c1568ed94ee855e965cbc07656&offerListId=2549514-B2A6862275FF21E90CE5FC382EC8744C&pos=6&price=32.70&productid=2549514&sid=316895&type=offer
01-DK-GOLD-PS100,DKNY GOLDEN DELICIOUS EDP-S 100ML,85715950116.0,1000+,70.0,15.75,,,0.0,2549514.0,Amazon-marketplace.co.uk,£33.00 £330.00/L,https://www.idealo.co.uk/relocator/relocate?categoryId=3972&offerKey=5d0a2282f0c7342bb3efe83e7619b1a8&offerListId=2549514-B2A6862275FF21E90CE5FC382EC8744C&pos=7&price=33.00&productid=2549514&sid=22828&type=offer
01-DK-GOLD-PS100,DKNY GOLDEN DELICIOUS EDP-S 100ML,85715950116.0,1000+,70.0,15.75,,,0.0,2549514.0,amazon.co.uk,£33.01 £330.10/L,https://www.idealo.co.uk/relocator/relocate?categoryId=3972&offerKey=79d005fcc89fe6f3b6ffb56a03eb0851&offerListId=2549514-B2A6862275FF21E90CE5FC382EC8744C&pos=8&price=33.01&productid=2549514&sid=12004&type=offer
01-DK-GOLD-PS100,DKNY GOLDEN DELICIOUS EDP-S 100ML,85715950116.0,1000+,70.0,15.75,,,0.0,2549514.0,ebay.co.uk,£33.99 £339.90/L,https://www.idealo.co.uk/relocator/relocate?categoryId=3972&offerKey=0021b9aada08600804392f9f99ac8b67&offerListId=2549514-B2A6862275FF21E90CE5FC382EC8744C&pos=9&price=33.99&productid=2549514&sid=22818&type=offer
01-DK-GOLD-PS100,DKNY GOLDEN DELICIOUS EDP-S 100ML,85715950116.0,1000+,70.0,15.75,,,0.0,2549514.0,perfumeprice.co.uk,£35.95 £359.50/L,https://www.idealo.co.uk/relocator/relocate?categoryId=3972&offerKey=dc412af45d2e710c445d83c078fc3866&offerListId=2549514-B2A6862275FF21E90CE5FC382EC8744C&pos=10&price=35.95&productid=2549514&sid=321700&type=offer
01-DK-GOLD-PS100,DKNY GOLDEN DELICIOUS EDP-S 100ML,85715950116.0,1000+,70.0,15.75,,,0.0,2549514.0,escentual.com(UK),£40.80 £408.00/L,https://www.idealo.co.uk/relocator/relocate?categoryId=3972&offerKey=a15f5a2e4826535884c62d506858d5b9&offerListId=2549514-B2A6862275FF21E90CE5FC382EC8744C&pos=11&price=40.80&productid=2549514&sid=21988&type=offer
01-DK-GOLD-PS100,DKNY GOLDEN DELICIOUS EDP-S 100ML,85715950116.0,1000+,70.0,15.75,,,0.0,2549514.0,perfumeuk.co.uk,£41.00 £410.00/L,https://www.idealo.co.uk/relocator/relocate?categoryId=3972&offerKey=dd2089e56637fd71c5653b7baf0d7457&offerListId=2549514-B2A6862275FF21E90CE5FC382EC8744C&pos=12&price=41.00&productid=2549514&sid=323991&type=offer
01-DK-GOLD-PS100,DKNY GOLDEN DELICIOUS EDP-S 100ML,85715950116.0,1000+,70.0,15.75,,,0.0,2549514.0,secretsales.com (UK),£48.60 £486.00/L,https://www.idealo.co.uk/relocator/relocate?categoryId=3972&offerKey=d025301e92771be6dac5949ede6efefd&offerListId=2549514-B2A6862275FF21E90CE5FC382EC8744C&pos=13&price=48.60&productid=2549514&sid=324015&type=offer
01-DK-GOLD-PS100,DKNY GOLDEN DELICIOUS EDP-S 100ML,85715950116.0,1000+,70.0,15.75,,,0.0,2549514.0,freemans.com (UK),£49.00 £490.00/L,https://www.idealo.co.uk/relocator/relocate?categoryId=3972&offerKey=615de51a7a6add88e9587b27490359e4&offerListId=2549514-B2A6862275FF21E90CE5FC382EC8744C&pos=14&price=49.00&productid=2549514&sid=320471&type=offer
01-DK-GOLD-PS100,DKNY GOLDEN DELICIOUS EDP-S 100ML,85715950116.0,1000+,70.0,15.75,,,0.0,2549514.0,beautybay.com (UK),£49.00 £490.00/L,https://www.idealo.co.uk/relocator/relocate?categoryId=3972&offerKey=5524445c7875bc2b7aef4b736b1d44f9&offerListId=2549514-B2A6862275FF21E90CE5FC382EC8744C&pos=15&price=49.00&productid=2549514&sid=28191&type=offer
01-DK-GOLD-PS100,DKNY GOLDEN DELICIOUS EDP-S 100ML,85715950116.0,1000+,70.0,15.75,,,0.0,2549514.0,cazaar.co.uk,£49.45 £494.50/L,https://www.idealo.co.uk/relocator/relocate?categoryId=3972&offerKey=7c3787d2dd8333e3e45db39066ac2d40&offerListId=2549514-B2A6862275FF21E90CE5FC382EC8744C&pos=16&price=49.45&productid=2549514&sid=331015&type=offer
01-DK-GOLD-PS100,DKNY GOLDEN DELICIOUS EDP-S 100ML,85715950116.0,1000+,70.0,15.75,,,0.0,2549514.0,Dressinn.com (UK),£56.99 £569.90/L,https://www.idealo.co.uk/relocator/relocate?categoryId=3972&offerKey=ff2e4c083d6f295a6ebc8c5de734b8fe&offerListId=2549514-B2A6862275FF21E90CE5FC382EC8744C&pos=17&price=56.99&productid=2549514&sid=318629&type=offer
01-DK-GOLD-PS100,DKNY GOLDEN DELICIOUS EDP-S 100ML,85715950116.0,1000+,70.0,15.75,,,0.0,2549514.0,Pharmacy2u.co.uk,£70.00 £700.00/L,https://www.idealo.co.uk/relocator/relocate?categoryId=3972&offerKey=335025309073263286f1a78d1ac2e0bb&offerListId=2549514-B2A6862275FF21E90CE5FC382EC8744C&pos=18&price=70.00&productid=2549514&sid=25468&type=offer
01-DK-NL-PS100,DKNY NECTAR LOVE EDP-S 100ML,85715950222.0,837,81.0,15.75,,,0.0,5680030.0,Perfumeclick.co.uk,£27.15 £271.50/L,https://www.idealo.co.uk/relocator/relocate?categoryId=3972&offerKey=12a94e5c8128f8322efedb1fd3363566&offerListId=5680030-937E06E9177470A4AE4C0615264543B3&pos=1&price=27.15&productid=5680030&sid=69736&type=offer
01-DK-NL-PS100,DKNY NECTAR LOVE EDP-S 100ML,85715950222.0,837,81.0,15.75,,,0.0,5680030.0,cosmetify.com,£28.51 £285.10/L,https://www.idealo.co.uk/relocator/relocate?categoryId=3972&offerKey=9cedf862c7b3eb300f86ff4b8e1ae041&offerListId=5680030-937E06E9177470A4AE4C0615264543B3&pos=2&price=28.51&productid=5680030&sid=329503&type=offer
01-DK-NL-PS100,DKNY NECTAR LOVE EDP-S 100ML,85715950222.0,837,81.0,15.75,,,0.0,5680030.0,allbeauty.com(UK),£29.95 £299.50/L,https://www.idealo.co.uk/relocator/relocate?categoryId=3972&offerKey=85fe4898f74d6df4551725dcf092db34&offerListId=5680030-937E06E9177470A4AE4C0615264543B3&pos=3&price=29.95&productid=5680030&sid=28942&type=offer
01-DK-NL-PS100,DKNY NECTAR LOVE EDP-S 100ML,85715950222.0,837,81.0,15.75,,,0.0,5680030.0,Amazon-marketplace.co.uk,£30.02 £300.20/L,https://www.idealo.co.uk/relocator/relocate?categoryId=3972&offerKey=b27267a1a527a08e80691406e9f95b72&offerListId=5680030-937E06E9177470A4AE4C0615264543B3&pos=4&price=30.02&productid=5680030&sid=22828&type=offer
01-DK-NL-PS100,DKNY NECTAR LOVE EDP-S 100ML,85715950222.0,837,81.0,15.75,,,0.0,5680030.0,onbuy.com,£30.98 £309.80/L,https://www.idealo.co.uk/relocator/relocate?categoryId=3972&offerKey=3ad780093729652af0110241110b9bf2&offerListId=5680030-937E06E9177470A4AE4C0615264543B3&pos=5&price=30.98&productid=5680030&sid=316895&type=offer
01-DK-NL-PS100,DKNY NECTAR LOVE EDP-S 100ML,85715950222.0,837,81.0,15.75,,,0.0,5680030.0,onbuy.com,£32.70 £327.00/L,https://www.idealo.co.uk/relocator/relocate?categoryId=3972&offerKey=13dd817a85de8f4b228204f33e06ed6c&offerListId=5680030-937E06E9177470A4AE4C0615264543B3&pos=6&price=32.70&productid=5680030&sid=316895&type=offer
01-DK-NL-PS100,DKNY NECTAR LOVE EDP-S 100ML,85715950222.0,837,81.0,15.75,,,0.0,5680030.0,amazon.co.uk,£32.99 £329.90/L,https://www.idealo.co.uk/relocator/relocate?categoryId=3972&offerKey=7e1f4e8559bb55653d17c55c93033741&offerListId=5680030-937E06E9177470A4AE4C0615264543B3&pos=7&price=32.99&productid=5680030&sid=12004&type=offer
01-DK-NL-PS100,DKNY NECTAR LOVE EDP-S 100ML,85715950222.0,837,81.0,15.75,,,0.0,5680030.0,ebay.co.uk,£34.99 £349.90/L,https://www.idealo.co.uk/relocator/relocate?categoryId=3972&offerKey=319fdc043b713dd298c89e1ba93a8ad5&offerListId=5680030-937E06E9177470A4AE4C0615264543B3&pos=8&price=34.99&productid=5680030&sid=22818&type=offer
01-DK-NL-PS100,DKNY NECTAR LOVE EDP-S 100ML,85715950222.0,837,81.0,15.75,,,0.0,5680030.0,,£36.08 £360.80/L,https://www.idealo.co.uk/relocator/relocate?categoryId=3972&offerKey=c0b1f22b550c830fe132fa641202d950&offerListId=5680030-937E06E9177470A4AE4C0615264543B3&pos=9&price=36.08&productid=5680030&sid=307734&type=offer
01-DK-NL-PS100,DKNY NECTAR LOVE EDP-S 100ML,85715950222.0,837,81.0,15.75,,,0.0,5680030.0,Therange.co.uk,£37.76 £377.60/L,https://www.idealo.co.uk/relocator/relocate?categoryId=3972&offerKey=0c995e2eb5f1d06f324f450308f53392&offerListId=5680030-937E06E9177470A4AE4C0615264543B3&pos=10&price=37.76&productid=5680030&sid=288194&type=offer
01-DK-NL-PS100,DKNY NECTAR LOVE EDP-S 100ML,85715950222.0,837,81.0,15.75,,,0.0,5680030.0,debenhams.com,£38.00 £380.00/L,https://www.idealo.co.uk/relocator/relocate?categoryId=3972&offerKey=d8b92e5da827327e83d22fd8d0686781&offerListId=5680030-937E06E9177470A4AE4C0615264543B3&pos=11&price=38.00&productid=5680030&sid=324109&type=offer
01-DK-NL-PS100,DKNY NECTAR LOVE EDP-S 100ML,85715950222.0,837,81.0,15.75,,,0.0,5680030.0,secretsales.com (UK),£40.37 £403.70/L,https://www.idealo.co.uk/relocator/relocate?categoryId=3972&offerKey=8bd82d7b5b2e62c13c1127f3cc187204&offerListId=5680030-937E06E9177470A4AE4C0615264543B3&pos=12&price=40.37&productid=5680030&sid=324015&type=offer
01-DK-NL-PS100,DKNY NECTAR LOVE EDP-S 100ML,85715950222.0,837,81.0,15.75,,,0.0,5680030.0,perfumeuk.co.uk,£45.00 £450.00/L,https://www.idealo.co.uk/relocator/relocate?categoryId=3972&offerKey=32edc2dee16c13b3045f70deb0ac5516&offerListId=5680030-937E06E9177470A4AE4C0615264543B3&pos=13&price=45.00&productid=5680030&sid=323991&type=offer
01-DK-NL-PS100,DKNY NECTAR LOVE EDP-S 100ML,85715950222.0,837,81.0,15.75,,,0.0,5680030.0,Tjhughes.co.uk,£50.00 £500.00/L,https://www.idealo.co.uk/relocator/relocate?categoryId=3972&offerKey=a6de43e5569107b2af1f3dbe88b66b51&offerListId=5680030-937E06E9177470A4AE4C0615264543B3&pos=14&price=50.00&productid=5680030&sid=28759&type=offer
01-DK-NL-PS100,DKNY NECTAR LOVE EDP-S 100ML,85715950222.0,837,81.0,15.75,,,0.0,5680030.0,cazaar.co.uk,£80.63 £806.30/L,https://www.idealo.co.uk/relocator/relocate?categoryId=3972&offerKey=deae94826af418f439cac3a328eed13d&offerListId=5680030-937E06E9177470A4AE4C0615264543B3&pos=15&price=80.63&productid=5680030&sid=331015&type=offer
01-DSQ-REDW-TS50,DSQUARED2 RED WOOD POUR FEMME EDT-S 50ML,8011003852680.0,362,59.5,7.5,,,0.0,7008681.0,Clearchemist.co.uk,£12.80 £256.00/L,https://www.idealo.co.uk/relocator/relocate?categoryId=3972&offerKey=b2c8372c04a12d25e6a455153932214b&offerListId=7008681-A9CDF044798D6C65B9C3D74FE7FA44A3&pos=1&price=12.80&productid=7008681&sid=289670&type=offer
01-DSQ-REDW-TS50,DSQUARED2 RED WOOD POUR FEMME EDT-S 50ML,8011003852680.0,362,59.5,7.5,,,0.0,7008681.0,cosmetify.com,£13.81 £276.20/L,https://www.idealo.co.uk/relocator/relocate?categoryId=3972&offerKey=aebcb28472f05a74a2a8309e0051bcfb&offerListId=7008681-A9CDF044798D6C65B9C3D74FE7FA44A3&pos=2&price=13.81&productid=7008681&sid=329503&type=offer
01-DSQ-REDW-TS50,DSQUARED2 RED WOOD POUR FEMME EDT-S 50ML,8011003852680.0,362,59.5,7.5,,,0.0,7008681.0,ebay.co.uk,£14.36 £287.20/L,https://www.idealo.co.uk/relocator/relocate?categoryId=3972&offerKey=c4a92b0c69073e47b902d13cc821e01b&offerListId=7008681-A9CDF044798D6C65B9C3D74FE7FA44A3&pos=3&price=14.36&productid=7008681&sid=22818&type=offer
01-DSQ-REDW-TS50,DSQUARED2 RED WOOD POUR FEMME EDT-S 50ML,8011003852680.0,362,59.5,7.5,,,0.0,7008681.0,onbuy.com,£15.95 £319.00/L,https://www.idealo.co.uk/relocator/relocate?categoryId=3972&offerKey=43bf4d9cac3f99d07b837c77263b0431&offerListId=7008681-A9CDF044798D6C65B9C3D74FE7FA44A3&pos=4&price=15.95&productid=7008681&sid=316895&type=offer
01-DSQ-REDW-TS50,DSQUARED2 RED WOOD POUR FEMME EDT-S 50ML,8011003852680.0,362,59.5,7.5,,,0.0,7008681.0,unineed.com,£16.99 £339.80/L,https://www.idealo.co.uk/relocator/relocate?categoryId=3972&offerKey=d574ce5c55e7ffd75e1c0d3d06caa4ba&offerListId=7008681-A9CDF044798D6C65B9C3D74FE7FA44A3&pos=5&price=16.99&productid=7008681&sid=314440&type=offer
01-DSQ-REDW-TS50,DSQUARED2 RED WOOD POUR FEMME EDT-S 50ML,8011003852680.0,362,59.5,7.5,,,0.0,7008681.0,secretsales.com (UK),£19.04 £380.80/L,https://www.idealo.co.uk/relocator/relocate?categoryId=3972&offerKey=85e7792f1d27fd0ed622a315ced4b7fa&offerListId=7008681-A9CDF044798D6C65B9C3D74FE7FA44A3&pos=6&price=19.04&productid=7008681&sid=324015&type=offer
01-DSQ-REDW-TS50,DSQUARED2 RED WOOD POUR FEMME EDT-S 50ML,8011003852680.0,362,59.5,7.5,,,0.0,7008681.0,groupon.co.uk,£19.99 £399.80/L,https://www.idealo.co.uk/relocator/relocate?categoryId=3972&offerKey=e4e83cde2e4cde5de3bfca34115fd0a9&offerListId=7008681-A9CDF044798D6C65B9C3D74FE7FA44A3&pos=7&price=19.99&productid=7008681&sid=313205&type=offer
01-DSQ-REDW-TS50,DSQUARED2 RED WOOD POUR FEMME EDT-S 50ML,8011003852680.0,362,59.5,7.5,,,0.0,7008681.0,my-origines.com(UK),£30.44 £608.80/L,https://www.idealo.co.uk/relocator/relocate?categoryId=3972&offerKey=e75be9dfb35ef660906abff82987dd8d&offerListId=7008681-A9CDF044798D6C65B9C3D74FE7FA44A3&pos=8&price=30.44&productid=7008681&sid=328503&type=offer
01-DSQ-REDW-TS50,DSQUARED2 RED WOOD POUR FEMME EDT-S 50ML,8011003852680.0,362,59.5,7.5,,,0.0,7008681.0,Tjhughes.co.uk,£32.00 £640.00/L,https://www.idealo.co.uk/relocator/relocate?categoryId=3972&offerKey=b14a2ef60819968e4751f58adda93134&offerListId=7008681-A9CDF044798D6C65B9C3D74FE7FA44A3&pos=9&price=32.00&productid=7008681&sid=28759&type=offer
01-DSQ-REDW-TS50,DSQUARED2 RED WOOD POUR FEMME EDT-S 50ML,8011003852680.0,362,59.5,7.5,,,0.0,7008681.0,Dressinn.com (UK),£33.99 £679.80/L,https://www.idealo.co.uk/relocator/relocate?categoryId=3972&offerKey=c18d590d3640d7b994978cc0313e0b1a&offerListId=7008681-A9CDF044798D6C65B9C3D74FE7FA44A3&pos=10&price=33.99&productid=7008681&sid=318629&type=offer
01-DSQ-REDW-TS50,DSQUARED2 RED WOOD POUR FEMME EDT-S 50ML,8011003852680.0,362,59.5,7.5,,,0.0,7008681.0,beautybase.com(UK),£39.00 £780.00/L,https://www.idealo.co.uk/relocator/relocate?categoryId=3972&offerKey=d7571aa7b5d8307085dcedc6c06ee7e1&offerListId=7008681-A9CDF044798D6C65B9C3D74FE7FA44A3&pos=11&price=39.00&productid=7008681&sid=299115&type=offer
01-DSQ-REDW-TS50,DSQUARED2 RED WOOD POUR FEMME EDT-S 50ML,8011003852680.0,362,59.5,7.5,,,0.0,7008681.0,parfumdreams.co.uk,£42.00 £840.00/L,https://www.idealo.co.uk/relocator/relocate?categoryId=3972&offerKey=de7f6ff3f874aada72d3cc49ca1cb611&offerListId=7008681-A9CDF044798D6C65B9C3D74FE7FA44A3&pos=12&price=42.00&productid=7008681&sid=316458&type=offer
01-DSQ-REDW-TS50,DSQUARED2 RED WOOD POUR FEMME EDT-S 50ML,8011003852680.0,362,59.5,7.5,,,0.0,7008681.0,debenhams.com,£47.60 £952.00/L,https://www.idealo.co.uk/relocator/relocate?categoryId=3972&offerKey=bd44b8658faff30ec8c54a0bcdf26e19&offerListId=7008681-A9CDF044798D6C65B9C3D74FE7FA44A3&pos=13&price=47.60&productid=7008681&sid=324109&type=offer
01-DSQ-REDW-TS50,DSQUARED2 RED WOOD POUR FEMME EDT-S 50ML,8011003852680.0,362,59.5,7.5,,,0.0,7008681.0,notino.co.uk,£49.90 £998.00/L,https://www.idealo.co.uk/relocator/relocate?categoryId=3972&offerKey=3bb028306c80df58b43205d6bfcad18e&offerListId=7008681-A9CDF044798D6C65B9C3D74FE7FA44A3&pos=14&price=49.90&productid=7008681&sid=307734&type=offer
01-EA-5A-PS125,ELIZABETH ARDEN 5TH AVENUE EDP-S 125ML,85805390600.0,1000+,54.0,11.95,,,0.0,590256.0,amazon.co.uk,£13.63 £109.04/L,https://www.idealo.co.uk/relocator/relocate?categoryId=3972&offerKey=bc0255f37019ad7a3e8042cf56ac7583&offerListId=590256-CFA26BB4FF83B62B2CAD53753858AE3E&pos=1&price=13.63&productid=590256&sid=12004&type=offer
01-EA-5A-PS125,ELIZABETH ARDEN 5TH AVENUE EDP-S 125ML,85805390600.0,1000+,54.0,11.95,,,0.0,590256.0,Clearchemist.co.uk,£16.85 £134.80/L,https://www.idealo.co.uk/relocator/relocate?categoryId=3972&offerKey=f47594755026749184a0ab2cd6b4f028&offerListId=590256-CFA26BB4FF83B62B2CAD53753858AE3E&pos=2&price=16.85&productid=590256&sid=289670&type=offer
01-EA-5A-PS125,ELIZABETH ARDEN 5TH AVENUE EDP-S 125ML,85805390600.0,1000+,54.0,11.95,,,0.0,590256.0,notino.co.uk,£18.30 £146.40/L,https://www.idealo.co.uk/relocator/relocate?categoryId=3972&offerKey=a2a6b2d6d816e2a943eda1d0233de43a&offerListId=590256-CFA26BB4FF83B62B2CAD53753858AE3E&pos=3&price=18.30&productid=590256&sid=307734&type=offer
01-EA-5A-PS125,ELIZABETH ARDEN 5TH AVENUE EDP-S 125ML,85805390600.0,1000+,54.0,11.95,,,0.0,590256.0,ebay.co.uk,£18.59 £148.72/L,https://www.idealo.co.uk/relocator/relocate?categoryId=3972&offerKey=2246d0a9901f756a3a2f5c868f8e89bd&offerListId=590256-CFA26BB4FF83B62B2CAD53753858AE3E&pos=4&price=18.59&productid=590256&sid=22818&type=offer
01-EA-5A-PS125,ELIZABETH ARDEN 5TH AVENUE EDP-S 125ML,85805390600.0,1000+,54.0,11.95,,,0.0,590256.0,onbuy.com,£19.00 £152.00/L,https://www.idealo.co.uk/relocator/relocate?categoryId=3972&offerKey=4e5850f9c3c49a7319c12e3f90d35975&offerListId=590256-CFA26BB4FF83B62B2CAD53753858AE3E&pos=5&price=19.00&productid=590256&sid=316895&type=offer
01-EA-5A-PS125,ELIZABETH ARDEN 5TH AVENUE EDP-S 125ML,85805390600.0,1000+,54.0,11.95,,,0.0,590256.0,my-origines.com(UK),£19.25 £154.00/L,https://www.idealo.co.uk/relocator/relocate?categoryId=3972&offerKey=a493296f54439bd580a6b13e28971936&offerListId=590256-CFA26BB4FF83B62B2CAD53753858AE3E&pos=6&price=19.25&productid=590256&sid=328503&type=offer
01-EA-5A-PS125,ELIZABETH ARDEN 5TH AVENUE EDP-S 125ML,85805390600.0,1000+,54.0,11.95,,,0.0,590256.0,Amazon-marketplace.co.uk,£19.59 £156.72/L,https://www.idealo.co.uk/relocator/relocate?categoryId=3972&offerKey=f9419817b070e818d44a64b3628ec98e&offerListId=590256-CFA26BB4FF83B62B2CAD53753858AE3E&pos=7&price=19.59&productid=590256&sid=22828&type=offer
01-EA-5A-PS125,ELIZABETH ARDEN 5TH AVENUE EDP-S 125ML,85805390600.0,1000+,54.0,11.95,,,0.0,590256.0,perfumeprice.co.uk,£19.95 £159.60/L,https://www.idealo.co.uk/relocator/relocate?categoryId=3972&offerKey=1307abc04b7d53021bfa482cb652d016&offerListId=590256-CFA26BB4FF83B62B2CAD53753858AE3E&pos=8&price=19.95&productid=590256&sid=321700&type=offer
01-EA-5A-PS125,ELIZABETH ARDEN 5TH AVENUE EDP-S 125ML,85805390600.0,1000+,54.0,11.95,,,0.0,590256.0,allbeauty.com(UK),£19.95 £159.60/L,https://www.idealo.co.uk/relocator/relocate?categoryId=3972&offerKey=3c7d3522b973862241bbf92a52fc84dc&offerListId=590256-CFA26BB4FF83B62B2CAD53753858AE3E&pos=9&price=19.95&productid=590256&sid=28942&type=offer
01-EA-5A-PS125,ELIZABETH ARDEN 5TH AVENUE EDP-S 125ML,85805390600.0,1000+,54.0,11.95,,,0.0,590256.0,Fragrancedirect.co.uk,£19.95 £159.60/L,https://www.idealo.co.uk/relocator/relocate?categoryId=3972&offerKey=89573684e981652cf23bcd9ebd242e67&offerListId=590256-CFA26BB4FF83B62B2CAD53753858AE3E&pos=10&price=19.95&productid=590256&sid=21971&type=offer
01-EA-5A-PS125,ELIZABETH ARDEN 5TH AVENUE EDP-S 125ML,85805390600.0,1000+,54.0,11.95,,,0.0,590256.0,bodycareonline.co.uk,£19.99 £159.92/L,https://www.idealo.co.uk/relocator/relocate?categoryId=3972&offerKey=83d75099e0c39b7874ac82762ec18045&offerListId=590256-CFA26BB4FF83B62B2CAD53753858AE3E&pos=11&price=19.99&productid=590256&sid=332851&type=offer
01-EA-5A-PS125,ELIZABETH ARDEN 5TH AVENUE EDP-S 125ML,85805390600.0,1000+,54.0,11.95,,,0.0,590256.0,cosmetify.com,£19.99 £159.92/L,https://www.idealo.co.uk/relocator/relocate?categoryId=3972&offerKey=7f764c32cdf569a39d3e0c5bdc86b622&offerListId=590256-CFA26BB4FF83B62B2CAD53753858AE3E&pos=12&price=19.99&productid=590256&sid=329503&type=offer
01-EA-5A-PS125,ELIZABETH ARDEN 5TH AVENUE EDP-S 125ML,85805390600.0,1000+,54.0,11.95,,,0.0,590256.0,perfumedirect.com,£19.99 £159.92/L,https://www.idealo.co.uk/relocator/relocate?categoryId=3972&offerKey=b2572112ffff6ff65f2b4059e3c7e25d&offerListId=590256-CFA26BB4FF83B62B2CAD53753858AE3E&pos=13&price=19.99&productid=590256&sid=318630&type=offer
01-EA-5A-PS125,ELIZABETH ARDEN 5TH AVENUE EDP-S 125ML,85805390600.0,1000+,54.0,11.95,,,0.0,590256.0,Scentsationalperfumes.com,£21.95 £175.60/L,https://www.idealo.co.uk/relocator/relocate?categoryId=3972&offerKey=bd15715be76adee2e0db15c220fb4d4d&offerListId=590256-CFA26BB4FF83B62B2CAD53753858AE3E&pos=14&price=21.95&productid=590256&sid=282041&type=offer
01-EA-5A-PS125,ELIZABETH ARDEN 5TH AVENUE EDP-S 125ML,85805390600.0,1000+,54.0,11.95,,,0.0,590256.0,Dressinn.com (UK),£23.99 £191.92/L,https://www.idealo.co.uk/relocator/relocate?categoryId=3972&offerKey=c01408c07ab9ae3a2203b046450f63a4&offerListId=590256-CFA26BB4FF83B62B2CAD53753858AE3E&pos=15&price=23.99&productid=590256&sid=318629&type=offer
01-EA-5A-PS125,ELIZABETH ARDEN 5TH AVENUE EDP-S 125ML,85805390600.0,1000+,54.0,11.95,,,0.0,590256.0,Perfumeshopping.com(UK),£24.50 £196.00/L,https://www.idealo.co.uk/relocator/relocate?categoryId=3972&offerKey=a6d265b8f31fff168684579bf4d61d36&offerListId=590256-CFA26BB4FF83B62B2CAD53753858AE3E&pos=16&price=24.50&productid=590256&sid=282217&type=offer
01-EA-5A-PS125,ELIZABETH ARDEN 5TH AVENUE EDP-S 125ML,85805390600.0,1000+,54.0,11.95,,,0.0,590256.0,Robertdyas.co.uk,£24.99 £199.92/L,https://www.idealo.co.uk/relocator/relocate?categoryId=3972&offerKey=cf6be260cd66d7f52d32c925327ba831&offerListId=590256-CFA26BB4FF83B62B2CAD53753858AE3E&pos=17&price=24.99&productid=590256&sid=22151&type=offer
01-EA-5A-PS125,ELIZABETH ARDEN 5TH AVENUE EDP-S 125ML,85805390600.0,1000+,54.0,11.95,,,0.0,590256.0,beautybase.com(UK),£25.00 £200.00/L,https://www.idealo.co.uk/relocator/relocate?categoryId=3972&offerKey=4d2f37fa9657820a4dba62c17b7d0c12&offerListId=590256-CFA26BB4FF83B62B2CAD53753858AE3E&pos=18&price=25.00&productid=590256&sid=299115&type=offer
01-EA-5A-PS125,ELIZABETH ARDEN 5TH AVENUE EDP-S 125ML,85805390600.0,1000+,54.0,11.95,,,0.0,590256.0,Tjhughes.co.uk,£25.00 £200.00/L,https://www.idealo.co.uk/relocator/relocate?categoryId=3972&offerKey=98ba9c51f8c810498870796dfbd05135&offerListId=590256-CFA26BB4FF83B62B2CAD53753858AE3E&pos=19&price=25.00&productid=590256&sid=28759&type=offer
01-EA-5A-PS125,ELIZABETH ARDEN 5TH AVENUE EDP-S 125ML,85805390600.0,1000+,54.0,11.95,,,0.0,590256.0,escentual.com(UK),£25.50 £204.00/L,https://www.idealo.co.uk/relocator/relocate?categoryId=3972&offerKey=7e0556cd0c39ecdc83b56a7afe5092cc&offerListId=590256-CFA26BB4FF83B62B2CAD53753858AE3E&pos=20&price=25.50&productid=590256&sid=21988&type=offer
01-EA-5AVNY-PS125,ELIZABETH ARDEN 5TH AVENUE NYC EDP-S 125ML,85805156602.0,1000+,54.0,8.45,,,0.0,3937246.0,,£9.92 £79.36/L,https://www.idealo.co.uk/relocator/relocate?categoryId=3972&offerKey=f0c9df7ea89bb017051e526998485c5c&offerListId=3937246-C210C5D668101CF2EACEDB608E972D5E&pos=1&price=9.92&productid=3937246&sid=307734&type=offer
01-EA-5AVNY-PS125,ELIZABETH ARDEN 5TH AVENUE NYC EDP-S 125ML,85805156602.0,1000+,54.0,8.45,,,0.0,3937246.0,allbeauty.com(UK),£13.75 £110.00/L,https://www.idealo.co.uk/relocator/relocate?categoryId=3972&offerKey=01b2a3692b0a1d0a1016e9eb5e636a2a&offerListId=3937246-C210C5D668101CF2EACEDB608E972D5E&pos=2&price=13.75&productid=3937246&sid=28942&type=offer
01-EA-5AVNY-PS125,ELIZABETH ARDEN 5TH AVENUE NYC EDP-S 125ML,85805156602.0,1000+,54.0,8.45,,,0.0,3937246.0,Perfumeclick.co.uk,£14.80 £118.40/L,https://www.idealo.co.uk/relocator/relocate?categoryId=3972&offerKey=a21ea7ed57e1ee0a9a5eda2ebe56d163&offerListId=3937246-C210C5D668101CF2EACEDB608E972D5E&pos=3&price=14.80&productid=3937246&sid=69736&type=offer
01-EA-5AVNY-PS125,ELIZABETH ARDEN 5TH AVENUE NYC EDP-S 125ML,85805156602.0,1000+,54.0,8.45,,,0.0,3937246.0,Scentsationalperfumes.com,£14.95 £119.60/L,https://www.idealo.co.uk/relocator/relocate?categoryId=3972&offerKey=0c77789cbc015daed004e1771191ad70&offerListId=3937246-C210C5D668101CF2EACEDB608E972D5E&pos=4&price=14.95&productid=3937246&sid=282041&type=offer
01-EA-5AVNY-PS125,ELIZABETH ARDEN 5TH AVENUE NYC EDP-S 125ML,85805156602.0,1000+,54.0,8.45,,,0.0,3937246.0,cosmetify.com,£15.54 £124.32/L,https://www.idealo.co.uk/relocator/relocate?categoryId=3972&offerKey=68d55ee8743aa63cae55bdf7e3f89b38&offerListId=3937246-C210C5D668101CF2EACEDB608E972D5E&pos=5&price=15.54&productid=3937246&sid=329503&type=offer
01-EA-5AVNY-PS125,ELIZABETH ARDEN 5TH AVENUE NYC EDP-S 125ML,85805156602.0,1000+,54.0,8.45,,,0.0,3937246.0,Directcosmetics.com(UK),£16.25 £130.00/L,https://www.idealo.co.uk/relocator/relocate?categoryId=3972&offerKey=c72e7701df02454b603382477deef9ab&offerListId=3937246-C210C5D668101CF2EACEDB608E972D5E&pos=6&price=16.25&productid=3937246&sid=24317&type=offer
01-EA-5AVNY-PS125,ELIZABETH ARDEN 5TH AVENUE NYC EDP-S 125ML,85805156602.0,1000+,54.0,8.45,,,0.0,3937246.0,ebay.co.uk,£16.46 £131.68/L,https://www.idealo.co.uk/relocator/relocate?categoryId=3972&offerKey=2358c0eee2e7ffe1b148ba47ec3c0011&offerListId=3937246-C210C5D668101CF2EACEDB608E972D5E&pos=7&price=16.46&productid=3937246&sid=22818&type=offer
01-EA-5AVNY-PS125,ELIZABETH ARDEN 5TH AVENUE NYC EDP-S 125ML,85805156602.0,1000+,54.0,8.45,,,0.0,3937246.0,Dressinn.com (UK),£16.49 £131.92/L,https://www.idealo.co.uk/relocator/relocate?categoryId=3972&offerKey=736fa6eceda37e0012f72ff0652be1f8&offerListId=3937246-C210C5D668101CF2EACEDB608E972D5E&pos=8&price=16.49&productid=3937246&sid=318629&type=offer
01-EA-5AVNY-PS125,ELIZABETH ARDEN 5TH AVENUE NYC EDP-S 125ML,85805156602.0,1000+,54.0,8.45,,,0.0,3937246.0,Amazon-marketplace.co.uk,£17.49 £139.92/L,https://www.idealo.co.uk/relocator/relocate?categoryId=3972&offerKey=37ab334f2b6f8acd5889811678b491cd&offerListId=3937246-C210C5D668101CF2EACEDB608E972D5E&pos=9&price=17.49&productid=3937246&sid=22828&type=offer
01-EA-5AVNY-PS125,ELIZABETH ARDEN 5TH AVENUE NYC EDP-S 125ML,85805156602.0,1000+,54.0,8.45,,,0.0,3937246.0,onbuy.com,£17.95 £143.60/L,https://www.idealo.co.uk/relocator/relocate?categoryId=3972&offerKey=eb3630f86111f5e4dccc50f53477f99e&offerListId=3937246-C210C5D668101CF2EACEDB608E972D5E&pos=10&price=17.95&productid=3937246&sid=316895&type=offer
01-EA-5AVNY-PS125,ELIZABETH ARDEN 5TH AVENUE NYC EDP-S 125ML,85805156602.0,1000+,54.0,8.45,,,0.0,3937246.0,secretsales.com (UK),£19.80 £158.40/L,https://www.idealo.co.uk/relocator/relocate?categoryId=3972&offerKey=07b00fd6b6a5b88d85a3e8daa12c579c&offerListId=3937246-C210C5D668101CF2EACEDB608E972D5E&pos=11&price=19.80&productid=3937246&sid=324015&type=offer
01-EA-5AVNY-PS125,ELIZABETH ARDEN 5TH AVENUE NYC EDP-S 125ML,85805156602.0,1000+,54.0,8.45,,,0.0,3937246.0,cazaar.co.uk,£59.13 £473.04/L,https://www.idealo.co.uk/relocator/relocate?categoryId=3972&offerKey=8fd527c2dce02e0f421bb448b4e0f54d&offerListId=3937246-C210C5D668101CF2EACEDB608E972D5E&pos=12&price=59.13&productid=3937246&sid=331015&type=offer
01-EA-5THAV-PS30,ELIZABETH ARDEN 5TH AVENUE EDP-S 30ML,85805390402.0,1000+,33.0,5.25,,,0.0,334894.0,Directcosmetics.com(UK),£9.99 £333.00/L,https://www.idealo.co.uk/relocator/relocate?categoryId=3972&offerKey=7051dc0d8d0b25b2a374ed8aa06e36d1&offerListId=334894-B4368730069A0B39D758E3DA0602277A&pos=1&price=9.99&productid=334894&sid=24317&type=offer
01-EA-5THAV-PS30,ELIZABETH ARDEN 5TH AVENUE EDP-S 30ML,85805390402.0,1000+,33.0,5.25,,,0.0,334894.0,,£10.00 £333.33/L,https://www.idealo.co.uk/relocator/relocate?categoryId=3972&offerKey=f34bdded6c91f13cfd469bbee1c7e21f&offerListId=334894-B4368730069A0B39D758E3DA0602277A&pos=2&price=10.00&productid=334894&sid=307734&type=offer
01-EA-5THAV-PS30,ELIZABETH ARDEN 5TH AVENUE EDP-S 30ML,85805390402.0,1000+,33.0,5.25,,,0.0,334894.0,Perfumeclick.co.uk,£10.45 £348.33/L,https://www.idealo.co.uk/relocator/relocate?categoryId=3972&offerKey=7c08bd6f0e812cbfc98aad44540589da&offerListId=334894-B4368730069A0B39D758E3DA0602277A&pos=3&price=10.45&productid=334894&sid=69736&type=offer
01-EA-5THAV-PS30,ELIZABETH ARDEN 5TH AVENUE EDP-S 30ML,85805390402.0,1000+,33.0,5.25,,,0.0,334894.0,cosmetify.com,£10.97 £365.67/L,https://www.idealo.co.uk/relocator/relocate?categoryId=3972&offerKey=10cf9aa5386b4d9baef55a0a4a81f637&offerListId=334894-B4368730069A0B39D758E3DA0602277A&pos=4&price=10.97&productid=334894&sid=329503&type=offer
01-EA-5THAV-PS30,ELIZABETH ARDEN 5TH AVENUE EDP-S 30ML,85805390402.0,1000+,33.0,5.25,,,0.0,334894.0,bodycareonline.co.uk,£10.99 £366.33/L,https://www.idealo.co.uk/relocator/relocate?categoryId=3972&offerKey=b43db4ff822657e987005a1300869215&offerListId=334894-B4368730069A0B39D758E3DA0602277A&pos=5&price=10.99&productid=334894&sid=332851&type=offer
01-EA-5THAV-PS30,ELIZABETH ARDEN 5TH AVENUE EDP-S 30ML,85805390402.0,1000+,33.0,5.25,,,0.0,334894.0,perfumedirect.com,£10.99 £366.33/L,https://www.idealo.co.uk/relocator/relocate?categoryId=3972&offerKey=f7f486bb6641125fe701375c847fdc97&offerListId=334894-B4368730069A0B39D758E3DA0602277A&pos=6&price=10.99&productid=334894&sid=318630&type=offer
01-EA-5THAV-PS30,ELIZABETH ARDEN 5TH AVENUE EDP-S 30ML,85805390402.0,1000+,33.0,5.25,,,0.0,334894.0,ebay.co.uk,£11.42 £380.67/L,https://www.idealo.co.uk/relocator/relocate?categoryId=3972&offerKey=cfbcaccbe9f5a23dd0320fbadf968ea5&offerListId=334894-B4368730069A0B39D758E3DA0602277A&pos=7&price=11.42&productid=334894&sid=22818&type=offer
01-EA-5THAV-PS30,ELIZABETH ARDEN 5TH AVENUE EDP-S 30ML,85805390402.0,1000+,33.0,5.25,,,0.0,334894.0,onbuy.com,£11.90 £396.67/L,https://www.idealo.co.uk/relocator/relocate?categoryId=3972&offerKey=8b508d255efe0f2e521f25f355acb718&offerListId=334894-B4368730069A0B39D758E3DA0602277A&pos=8&price=11.90&productid=334894&sid=316895&type=offer
01-EA-5THAV-PS30,ELIZABETH ARDEN 5TH AVENUE EDP-S 30ML,85805390402.0,1000+,33.0,5.25,,,0.0,334894.0,Scentsationalperfumes.com,£12.00 £400.00/L,https://www.idealo.co.uk/relocator/relocate?categoryId=3972&offerKey=6658118a0fb580c4b3fe1b33f7edb75a&offerListId=334894-B4368730069A0B39D758E3DA0602277A&pos=9&price=12.00&productid=334894&sid=282041&type=offer
01-EA-5THAV-PS30,ELIZABETH ARDEN 5TH AVENUE EDP-S 30ML,85805390402.0,1000+,33.0,5.25,,,0.0,334894.0,beautybase.com(UK),£12.95 £431.67/L,https://www.idealo.co.uk/relocator/relocate?categoryId=3972&offerKey=5fa507eb6dea7433a98e1c68b20f79e2&offerListId=334894-B4368730069A0B39D758E3DA0602277A&pos=10&price=12.95&productid=334894&sid=299115&type=offer
01-EA-5THAV-PS30,ELIZABETH ARDEN 5TH AVENUE EDP-S 30ML,85805390402.0,1000+,33.0,5.25,,,0.0,334894.0,Expresschemist.co.uk,£12.99 £433.00/L,https://www.idealo.co.uk/relocator/relocate?categoryId=3972&offerKey=4ca3e86173b2f6abfb169e759f09d26c&offerListId=334894-B4368730069A0B39D758E3DA0602277A&pos=11&price=12.99&productid=334894&sid=22167&type=offer
01-EA-5THAV-PS30,ELIZABETH ARDEN 5TH AVENUE EDP-S 30ML,85805390402.0,1000+,33.0,5.25,,,0.0,334894.0,Amazon-marketplace.co.uk,£13.70 £456.67/L,https://www.idealo.co.uk/relocator/relocate?categoryId=3972&offerKey=50ada63e46c7be11371375861b6d6ca8&offerListId=334894-B4368730069A0B39D758E3DA0602277A&pos=12&price=13.70&productid=334894&sid=22828&type=offer
01-EA-5THAV-PS30,ELIZABETH ARDEN 5TH AVENUE EDP-S 30ML,85805390402.0,1000+,33.0,5.25,,,0.0,334894.0,my-origines.com(UK),£14.06 £468.67/L,https://www.idealo.co.uk/relocator/relocate?categoryId=3972&offerKey=c005c757d9a5cec4a74c6ef6d6c32774&offerListId=334894-B4368730069A0B39D758E3DA0602277A&pos=13&price=14.06&productid=334894&sid=328503&type=offer
01-EA-5THAV-PS30,ELIZABETH ARDEN 5TH AVENUE EDP-S 30ML,85805390402.0,1000+,33.0,5.25,,,0.0,334894.0,Fragrancedirect.co.uk,£14.95 £498.33/L,https://www.idealo.co.uk/relocator/relocate?categoryId=3972&offerKey=0b67a8bcbb0032106dcdd6073cda2580&offerListId=334894-B4368730069A0B39D758E3DA0602277A&pos=14&price=14.95&productid=334894&sid=21971&type=offer
01-EA-5THAV-PS30,ELIZABETH ARDEN 5TH AVENUE EDP-S 30ML,85805390402.0,1000+,33.0,5.25,,,0.0,334894.0,groupon.co.uk,£14.99 £499.67/L,https://www.idealo.co.uk/relocator/relocate?categoryId=3972&offerKey=d094346d2dec8ee4ce751e2f6549e409&offerListId=334894-B4368730069A0B39D758E3DA0602277A&pos=15&price=14.99&productid=334894&sid=313205&type=offer
01-EA-5THAV-PS30,ELIZABETH ARDEN 5TH AVENUE EDP-S 30ML,85805390402.0,1000+,33.0,5.25,,,0.0,334894.0,escentual.com(UK),£16.30 £543.33/L,https://www.idealo.co.uk/relocator/relocate?categoryId=3972&offerKey=172187f9c2af28018e241b015455b35c&offerListId=334894-B4368730069A0B39D758E3DA0602277A&pos=16&price=16.30&productid=334894&sid=21988&type=offer
01-EA-5THAV-PS30,ELIZABETH ARDEN 5TH AVENUE EDP-S 30ML,85805390402.0,1000+,33.0,5.25,,,0.0,334894.0,Perfumeshopping.com(UK),£16.58 £552.67/L,https://www.idealo.co.uk/relocator/relocate?categoryId=3972&offerKey=07ed1246469f6f92208f2f7ffcd497b5&offerListId=334894-B4368730069A0B39D758E3DA0602277A&pos=17&price=16.58&productid=334894&sid=282217&type=offer
01-EA-5THAV-PS30,ELIZABETH ARDEN 5TH AVENUE EDP-S 30ML,85805390402.0,1000+,33.0,5.25,,,0.0,334894.0,secretsales.com (UK),£16.99 £566.33/L,https://www.idealo.co.uk/relocator/relocate?categoryId=3972&offerKey=3dd40319dd14b56947fe1e9ed27333b7&offerListId=334894-B4368730069A0B39D758E3DA0602277A&pos=18&price=16.99&productid=334894&sid=324015&type=offer
01-EA-5THAV-PS30,ELIZABETH ARDEN 5TH AVENUE EDP-S 30ML,85805390402.0,1000+,33.0,5.25,,,0.0,334894.0,secretsales.com (UK),£17.50 £583.33/L,https://www.idealo.co.uk/relocator/relocate?categoryId=3972&offerKey=8b304aa62cf4e94f361585745c0c4e44&offerListId=334894-B4368730069A0B39D758E3DA0602277A&pos=19&price=17.50&productid=334894&sid=324015&type=offer
01-EA-5THAV-PS30,ELIZABETH ARDEN 5TH AVENUE EDP-S 30ML,85805390402.0,1000+,33.0,5.25,,,0.0,334894.0,onbuy.com,£20.92 £697.33/L,https://www.idealo.co.uk/relocator/relocate?categoryId=3972&offerKey=afd4294d736d9fdb79b7926ad48e3025&offerListId=334894-B4368730069A0B39D758E3DA0602277A&pos=20&price=20.92&productid=334894&sid=316895&type=offer
01-EA-GTC-TS100,ELIZABETH ARDEN GREEN TEA CUCUMBER EDT-S 100ML,85805188016.0,1000+,31.0,5.25,,,0.0,5642250.0,notino.co.uk,£9.80 £98.00/L,https://www.idealo.co.uk/relocator/relocate?categoryId=3972&offerKey=e6f46a3d149db22934cd5d086f518280&offerListId=5642250-C84213D8CF8B305E72D3960B5B783F28&pos=1&price=9.80&productid=5642250&sid=307734&type=offer
01-EA-GTC-TS100,ELIZABETH ARDEN GREEN TEA CUCUMBER EDT-S 100ML,85805188016.0,1000+,31.0,5.25,,,0.0,5642250.0,cosmetify.com,£10.66 £106.60/L,https://www.idealo.co.uk/relocator/relocate?categoryId=3972&offerKey=7f0f8e0a527b612e9cd6883ce8a1c226&offerListId=5642250-C84213D8CF8B305E72D3960B5B783F28&pos=2&price=10.66&productid=5642250&sid=329503&type=offer
01-EA-GTC-TS100,ELIZABETH ARDEN GREEN TEA CUCUMBER EDT-S 100ML,85805188016.0,1000+,31.0,5.25,,,0.0,5642250.0,ebay.co.uk,£10.73 £107.30/L,https://www.idealo.co.uk/relocator/relocate?categoryId=3972&offerKey=dd5ff746ce8ae1dfdc901a379a659bc3&offerListId=5642250-C84213D8CF8B305E72D3960B5B783F28&pos=3&price=10.73&productid=5642250&sid=22818&type=offer
01-EA-GTC-TS100,ELIZABETH ARDEN GREEN TEA CUCUMBER EDT-S 100ML,85805188016.0,1000+,31.0,5.25,,,0.0,5642250.0,Amazon-marketplace.co.uk,£11.12 £111.20/L,https://www.idealo.co.uk/relocator/relocate?categoryId=3972&offerKey=be49ba688bd7fc45b7fee4bd84d718b4&offerListId=5642250-C84213D8CF8B305E72D3960B5B783F28&pos=4&price=11.12&productid=5642250&sid=22828&type=offer
01-EA-GTC-TS100,ELIZABETH ARDEN GREEN TEA CUCUMBER EDT-S 100ML,85805188016.0,1000+,31.0,5.25,,,0.0,5642250.0,onbuy.com,£11.95 £119.50/L,https://www.idealo.co.uk/relocator/relocate?categoryId=3972&offerKey=482b40a52469d136a8c5ae5d5f3d3e38&offerListId=5642250-C84213D8CF8B305E72D3960B5B783F28&pos=5&price=11.95&productid=5642250&sid=316895&type=offer
01-EA-GTC-TS100,ELIZABETH ARDEN GREEN TEA CUCUMBER EDT-S 100ML,85805188016.0,1000+,31.0,5.25,,,0.0,5642250.0,beautybase.com(UK),£12.99 £129.90/L,https://www.idealo.co.uk/relocator/relocate?categoryId=3972&offerKey=a82c9a35d450d8399fd0181c2e88b8fb&offerListId=5642250-C84213D8CF8B305E72D3960B5B783F28&pos=6&price=12.99&productid=5642250&sid=299115&type=offer
01-EA-GTC-TS100,ELIZABETH ARDEN GREEN TEA CUCUMBER EDT-S 100ML,85805188016.0,1000+,31.0,5.25,,,0.0,5642250.0,cazaar.co.uk,£21.49 £214.90/L,https://www.idealo.co.uk/relocator/relocate?categoryId=3972&offerKey=c1aac8e6281754c02ee401d720fabe11&offerListId=5642250-C84213D8CF8B305E72D3960B5B783F28&pos=7&price=21.49&productid=5642250&sid=331015&type=offer
01-EA-GTC-TS100,ELIZABETH ARDEN GREEN TEA CUCUMBER EDT-S 100ML,85805188016.0,1000+,31.0,5.25,,,0.0,5642250.0,Luxplus.co.uk,£34.99 £349.90/L,https://www.idealo.co.uk/relocator/relocate?categoryId=3972&offerKey=6315eb50ae18014b8cc400f6e5cdbc34&offerListId=5642250-C84213D8CF8B305E72D3960B5B783F28&pos=8&price=34.99&productid=5642250&sid=322970&type=offer
01-EA-GTS-TS100,ELIZABETH ARDEN GREEN TEA SUMMER EDT-S 100ML,85805036577.0,1000+,35.0,5.25,,,0.0,323690.0,Tjhughes.co.uk,£10.00 £100.00/L,https://www.idealo.co.uk/relocator/relocate?categoryId=3972&offerKey=6ba629e8acb302e7da3423a545e1c476&offerListId=323690-4983732F3AC500E8FED692870E5C4C35&pos=1&price=10.00&productid=323690&sid=28759&type=offer
01-EA-GTS-TS100,ELIZABETH ARDEN GREEN TEA SUMMER EDT-S 100ML,85805036577.0,1000+,35.0,5.25,,,0.0,323690.0,Pharmacy2u.co.uk,£10.04 £100.40/L,https://www.idealo.co.uk/relocator/relocate?categoryId=3972&offerKey=c7d8ef90b1580098388c69c59c717153&offerListId=323690-4983732F3AC500E8FED692870E5C4C35&pos=2&price=10.04&productid=323690&sid=25468&type=offer
01-EA-GTS-TS100,ELIZABETH ARDEN GREEN TEA SUMMER EDT-S 100ML,85805036577.0,1000+,35.0,5.25,,,0.0,323690.0,Amazon-marketplace.co.uk,£10.08 £100.80/L,https://www.idealo.co.uk/relocator/relocate?categoryId=3972&offerKey=5770de040a7dd2db1d06c38560098066&offerListId=323690-4983732F3AC500E8FED692870E5C4C35&pos=3&price=10.08&productid=323690&sid=22828&type=offer
01-EA-GTS-TS100,ELIZABETH ARDEN GREEN TEA SUMMER EDT-S 100ML,85805036577.0,1000+,35.0,5.25,,,0.0,323690.0,Perfumeclick.co.uk,£10.15 £101.50/L,https://www.idealo.co.uk/relocator/relocate?categoryId=3972&offerKey=3f33d135ebbac7d51545e5c9b49511cf&offerListId=323690-4983732F3AC500E8FED692870E5C4C35&pos=4&price=10.15&productid=323690&sid=69736&type=offer
01-EA-GTS-TS100,ELIZABETH ARDEN GREEN TEA SUMMER EDT-S 100ML,85805036577.0,1000+,35.0,5.25,,,0.0,323690.0,allbeauty.com(UK),£10.45 £104.50/L,https://www.idealo.co.uk/relocator/relocate?categoryId=3972&offerKey=7ea11633d3704216b881291e31b6ba03&offerListId=323690-4983732F3AC500E8FED692870E5C4C35&pos=5&price=10.45&productid=323690&sid=28942&type=offer
01-EA-GTS-TS100,ELIZABETH ARDEN GREEN TEA SUMMER EDT-S 100ML,85805036577.0,1000+,35.0,5.25,,,0.0,323690.0,ebay.co.uk,£10.62 £106.20/L,https://www.idealo.co.uk/relocator/relocate?categoryId=3972&offerKey=531bc145498fb18b75fbb75be3ffe68d&offerListId=323690-4983732F3AC500E8FED692870E5C4C35&pos=6&price=10.62&productid=323690&sid=22818&type=offer
01-EA-GTS-TS100,ELIZABETH ARDEN GREEN TEA SUMMER EDT-S 100ML,85805036577.0,1000+,35.0,5.25,,,0.0,323690.0,cosmetify.com,£10.66 £106.60/L,https://www.idealo.co.uk/relocator/relocate?categoryId=3972&offerKey=f393ee29f854e693be62dca4626bc1ac&offerListId=323690-4983732F3AC500E8FED692870E5C4C35&pos=7&price=10.66&productid=323690&sid=329503&type=offer
01-EA-GTS-TS100,ELIZABETH ARDEN GREEN TEA SUMMER EDT-S 100ML,85805036577.0,1000+,35.0,5.25,,,0.0,323690.0,onbuy.com,£12.60 £126.00/L,https://www.idealo.co.uk/relocator/relocate?categoryId=3972&offerKey=02170b68d2a784fa7e3bcca358af273c&offerListId=323690-4983732F3AC500E8FED692870E5C4C35&pos=8&price=12.60&productid=323690&sid=316895&type=offer
01-EA-GTS-TS100,ELIZABETH ARDEN GREEN TEA SUMMER EDT-S 100ML,85805036577.0,1000+,35.0,5.25,,,0.0,323690.0,unineed.com,£12.99 £129.90/L,https://www.idealo.co.uk/relocator/relocate?categoryId=3972&offerKey=0c8557dff08487c8281e583511ce4686&offerListId=323690-4983732F3AC500E8FED692870E5C4C35&pos=9&price=12.99&productid=323690&sid=314440&type=offer
01-EA-GTS-TS100,ELIZABETH ARDEN GREEN TEA SUMMER EDT-S 100ML,85805036577.0,1000+,35.0,5.25,,,0.0,323690.0,beautybase.com(UK),£12.99 £129.90/L,https://www.idealo.co.uk/relocator/relocate?categoryId=3972&offerKey=03e94cfc3c055732f0318f25af744e35&offerListId=323690-4983732F3AC500E8FED692870E5C4C35&pos=10&price=12.99&productid=323690&sid=299115&type=offer
01-EA-GTS-TS100,ELIZABETH ARDEN GREEN TEA SUMMER EDT-S 100ML,85805036577.0,1000+,35.0,5.25,,,0.0,323690.0,Directcosmetics.com(UK),£12.99 £129.90/L,https://www.idealo.co.uk/relocator/relocate?categoryId=3972&offerKey=9f98e1f4b77278df93194f99240decfe&offerListId=323690-4983732F3AC500E8FED692870E5C4C35&pos=11&price=12.99&productid=323690&sid=24317&type=offer
01-EA-GTS-TS100,ELIZABETH ARDEN GREEN TEA SUMMER EDT-S 100ML,85805036577.0,1000+,35.0,5.25,,,0.0,323690.0,secretsales.com (UK),£15.05 £150.50/L,https://www.idealo.co.uk/relocator/relocate?categoryId=3972&offerKey=e6dd6cb39aaedad6f8a37f7708943841&offerListId=323690-4983732F3AC500E8FED692870E5C4C35&pos=12&price=15.05&productid=323690&sid=324015&type=offer
01-EA-GTS-TS100,ELIZABETH ARDEN GREEN TEA SUMMER EDT-S 100ML,85805036577.0,1000+,35.0,5.25,,,0.0,323690.0,cazaar.co.uk,£16.11 £161.10/L,https://www.idealo.co.uk/relocator/relocate?categoryId=3972&offerKey=f830c687869617d93cca238b2b797c7c&offerListId=323690-4983732F3AC500E8FED692870E5C4C35&pos=13&price=16.11&productid=323690&sid=331015&type=offer
01-EA-GTS-TS100,ELIZABETH ARDEN GREEN TEA SUMMER EDT-S 100ML,85805036577.0,1000+,35.0,5.25,,,0.0,323690.0,Luxplus.co.uk,£42.99 £429.90/L,https://www.idealo.co.uk/relocator/relocate?categoryId=3972&offerKey=1a647921e03607fa746a48058942f3a6&offerListId=323690-4983732F3AC500E8FED692870E5C4C35&pos=14&price=42.99&productid=323690&sid=322970&type=offer
01-EA-GT-TS30,ELIZABETH ARDEN GREEN TEA EDT-S 30ML,85805763749.0,622,19.0,3.75,,,0.0,964899.0,,£6.88 £229.33/L,https://www.idealo.co.uk/relocator/relocate?categoryId=3972&offerKey=5d3ae1fdbf70de3684531e726e25881d&offerListId=964899-218B7D4A3CF342B1061E913B621C3C0F&pos=1&price=6.88&productid=964899&sid=307734&type=offer
01-EA-GT-TS30,ELIZABETH ARDEN GREEN TEA EDT-S 30ML,85805763749.0,622,19.0,3.75,,,0.0,964899.0,allbeauty.com(UK),£6.95 £231.67/L,https://www.idealo.co.uk/relocator/relocate?categoryId=3972&offerKey=58254991fb5986535d3fec21d6a95f66&offerListId=964899-218B7D4A3CF342B1061E913B621C3C0F&pos=2&price=6.95&productid=964899&sid=28942&type=offer
01-EA-GT-TS30,ELIZABETH ARDEN GREEN TEA EDT-S 30ML,85805763749.0,622,19.0,3.75,,,0.0,964899.0,Scentsationalperfumes.com,£7.00 £233.33/L,https://www.idealo.co.uk/relocator/relocate?categoryId=3972&offerKey=89a276277bfee4948253dbf06829907e&offerListId=964899-218B7D4A3CF342B1061E913B621C3C0F&pos=3&price=7.00&productid=964899&sid=282041&type=offer
01-EA-GT-TS30,ELIZABETH ARDEN GREEN TEA EDT-S 30ML,85805763749.0,622,19.0,3.75,,,0.0,964899.0,cosmetify.com,£7.28 £242.67/L,https://www.idealo.co.uk/relocator/relocate?categoryId=3972&offerKey=707bbea389ac958c994eaa2a5c6d20e9&offerListId=964899-218B7D4A3CF342B1061E913B621C3C0F&pos=4&price=7.28&productid=964899&sid=329503&type=offer
01-EA-GT-TS30,ELIZABETH ARDEN GREEN TEA EDT-S 30ML,85805763749.0,622,19.0,3.75,,,0.0,964899.0,Perfumeclick.co.uk,£8.00 £266.67/L,https://www.idealo.co.uk/relocator/relocate?categoryId=3972&offerKey=faa04e56b98bd79ff39262eeb651423f&offerListId=964899-218B7D4A3CF342B1061E913B621C3C0F&pos=5&price=8.00&productid=964899&sid=69736&type=offer
01-EA-GT-TS30,ELIZABETH ARDEN GREEN TEA EDT-S 30ML,85805763749.0,622,19.0,3.75,,,0.0,964899.0,onbuy.com,£8.00 £266.67/L,https://www.idealo.co.uk/relocator/relocate?categoryId=3972&offerKey=328f065b04b0782184f68d2ea093f732&offerListId=964899-218B7D4A3CF342B1061E913B621C3C0F&pos=6&price=8.00&productid=964899&sid=316895&type=offer
01-EA-GT-TS30,ELIZABETH ARDEN GREEN TEA EDT-S 30ML,85805763749.0,622,19.0,3.75,,,0.0,964899.0,amazon.co.uk,£8.11 £270.33/L,https://www.idealo.co.uk/relocator/relocate?categoryId=3972&offerKey=2d0099a087945ddc4ddaf31cc1d01e45&offerListId=964899-218B7D4A3CF342B1061E913B621C3C0F&pos=7&price=8.11&productid=964899&sid=12004&type=offer
01-EA-GT-TS30,ELIZABETH ARDEN GREEN TEA EDT-S 30ML,85805763749.0,622,19.0,3.75,,,0.0,964899.0,Amazon-marketplace.co.uk,£8.11 £270.33/L,https://www.idealo.co.uk/relocator/relocate?categoryId=3972&offerKey=225cb209f84da7698dc43b359066aa8e&offerListId=964899-218B7D4A3CF342B1061E913B621C3C0F&pos=8&price=8.11&productid=964899&sid=22828&type=offer
01-EA-GT-TS30,ELIZABETH ARDEN GREEN TEA EDT-S 30ML,85805763749.0,622,19.0,3.75,,,0.0,964899.0,cosmetify.com,£8.40 £280.00/L,https://www.idealo.co.uk/relocator/relocate?categoryId=3972&offerKey=979b12ca057a02fff5924c39fa15e1ab&offerListId=964899-218B7D4A3CF342B1061E913B621C3C0F&pos=9&price=8.40&productid=964899&sid=329503&type=offer
01-EA-GT-TS30,ELIZABETH ARDEN GREEN TEA EDT-S 30ML,85805763749.0,622,19.0,3.75,,,0.0,964899.0,Expresschemist.co.uk,£8.55 £285.00/L,https://www.idealo.co.uk/relocator/relocate?categoryId=3972&offerKey=1a0f2a8e6c0500eacca4a7733648f6cf&offerListId=964899-218B7D4A3CF342B1061E913B621C3C0F&pos=10&price=8.55&productid=964899&sid=22167&type=offer
01-EA-GT-TS30,ELIZABETH ARDEN GREEN TEA EDT-S 30ML,85805763749.0,622,19.0,3.75,,,0.0,964899.0,my-origines.com(UK),£8.63 £287.67/L,https://www.idealo.co.uk/relocator/relocate?categoryId=3972&offerKey=7e566b0f98f6dc42f0db75ce6615a928&offerListId=964899-218B7D4A3CF342B1061E913B621C3C0F&pos=11&price=8.63&productid=964899&sid=328503&type=offer
01-EA-GT-TS30,ELIZABETH ARDEN GREEN TEA EDT-S 30ML,85805763749.0,622,19.0,3.75,,,0.0,964899.0,parfumdreams.co.uk,£8.65 £288.33/L,https://www.idealo.co.uk/relocator/relocate?categoryId=3972&offerKey=a09461d273901dd0b15244f69fae31e5&offerListId=964899-218B7D4A3CF342B1061E913B621C3C0F&pos=12&price=8.65&productid=964899&sid=316458&type=offer
01-EA-GT-TS30,ELIZABETH ARDEN GREEN TEA EDT-S 30ML,85805763749.0,622,19.0,3.75,,,0.0,964899.0,perfumedirect.com,£8.99 £299.67/L,https://www.idealo.co.uk/relocator/relocate?categoryId=3972&offerKey=7cd4be7c1144d149038afdfc13651b8c&offerListId=964899-218B7D4A3CF342B1061E913B621C3C0F&pos=13&price=8.99&productid=964899&sid=318630&type=offer
01-EA-GT-TS30,ELIZABETH ARDEN GREEN TEA EDT-S 30ML,85805763749.0,622,19.0,3.75,,,0.0,964899.0,escentual.com(UK),£9.45 £315.00/L,https://www.idealo.co.uk/relocator/relocate?categoryId=3972&offerKey=21e3c307671eed2ff47078d65a93baeb&offerListId=964899-218B7D4A3CF342B1061E913B621C3C0F&pos=14&price=9.45&productid=964899&sid=21988&type=offer
01-EA-GT-TS30,ELIZABETH ARDEN GREEN TEA EDT-S 30ML,85805763749.0,622,19.0,3.75,,,0.0,964899.0,beautybase.com(UK),£9.95 £331.67/L,https://www.idealo.co.uk/relocator/relocate?categoryId=3972&offerKey=0c8c4bbf87c2ea1fd95bd486d5f72afd&offerListId=964899-218B7D4A3CF342B1061E913B621C3C0F&pos=15&price=9.95&productid=964899&sid=299115&type=offer
01-EA-GT-TS30,ELIZABETH ARDEN GREEN TEA EDT-S 30ML,85805763749.0,622,19.0,3.75,,,0.0,964899.0,ebay.co.uk,£10.00 £333.33/L,https://www.idealo.co.uk/relocator/relocate?categoryId=3972&offerKey=97399f3f35c48c73a5b35fba5af210c3&offerListId=964899-218B7D4A3CF342B1061E913B621C3C0F&pos=16&price=10.00&productid=964899&sid=22818&type=offer
01-EA-GT-TS30,ELIZABETH ARDEN GREEN TEA EDT-S 30ML,85805763749.0,622,19.0,3.75,,,0.0,964899.0,Perfumeshopping.com(UK),£10.46 £348.67/L,https://www.idealo.co.uk/relocator/relocate?categoryId=3972&offerKey=59f59735f3ee93d0338e63787e982bed&offerListId=964899-218B7D4A3CF342B1061E913B621C3C0F&pos=17&price=10.46&productid=964899&sid=282217&type=offer
01-EA-GT-TS30,ELIZABETH ARDEN GREEN TEA EDT-S 30ML,85805763749.0,622,19.0,3.75,,,0.0,964899.0,secretsales.com (UK),£12.18 £406.00/L,https://www.idealo.co.uk/relocator/relocate?categoryId=3972&offerKey=cf19d730a30e517513a09daf0e5ded9d&offerListId=964899-218B7D4A3CF342B1061E913B621C3C0F&pos=18&price=12.18&productid=964899&sid=324015&type=offer
01-EA-GT-TS30,ELIZABETH ARDEN GREEN TEA EDT-S 30ML,85805763749.0,622,19.0,3.75,,,0.0,964899.0,secretsales.com (UK),£12.50 £416.67/L,https://www.idealo.co.uk/relocator/relocate?categoryId=3972&offerKey=39359d3ae40c2716f2da8bd1b0301561&offerListId=964899-218B7D4A3CF342B1061E913B621C3C0F&pos=19&price=12.50&productid=964899&sid=324015&type=offer
01-EA-GT-TS30,ELIZABETH ARDEN GREEN TEA EDT-S 30ML,85805763749.0,622,19.0,3.75,,,0.0,964899.0,cazaar.co.uk,£15.00 £500.00/L,https://www.idealo.co.uk/relocator/relocate?categoryId=3972&offerKey=57faa6751f0364ff039b7eabe384ab36&offerListId=964899-218B7D4A3CF342B1061E913B621C3C0F&pos=20&price=15.00&productid=964899&sid=331015&type=offer
01-EA-GTT-TS100,ELIZABETH ARDEN GREEN TEA TROPICAL EDT-S 100ML,85805069308.0,1000+,31.0,5.5,,,0.0,861165.0,Amazon-marketplace.co.uk,£9.42 £94.20/L,https://www.idealo.co.uk/relocator/relocate?categoryId=3972&offerKey=0624e5ad8325b657b0105aa968460a92&offerListId=861165-C5BA33A3A4EEB611A66C3896D4486AC4&pos=1&price=9.42&productid=861165&sid=22828&type=offer
01-EA-GTT-TS100,ELIZABETH ARDEN GREEN TEA TROPICAL EDT-S 100ML,85805069308.0,1000+,31.0,5.5,,,0.0,861165.0,Perfumeclick.co.uk,£10.15 £101.50/L,https://www.idealo.co.uk/relocator/relocate?categoryId=3972&offerKey=67cc579337135e3ebce157bde74e0ea4&offerListId=861165-C5BA33A3A4EEB611A66C3896D4486AC4&pos=2&price=10.15&productid=861165&sid=69736&type=offer
01-EA-GTT-TS100,ELIZABETH ARDEN GREEN TEA TROPICAL EDT-S 100ML,85805069308.0,1000+,31.0,5.5,,,0.0,861165.0,cosmetify.com,£10.66 £106.60/L,https://www.idealo.co.uk/relocator/relocate?categoryId=3972&offerKey=73e1703de1876a1c19c176ba40061837&offerListId=861165-C5BA33A3A4EEB611A66C3896D4486AC4&pos=3&price=10.66&productid=861165&sid=329503&type=offer
01-EA-GTT-TS100,ELIZABETH ARDEN GREEN TEA TROPICAL EDT-S 100ML,85805069308.0,1000+,31.0,5.5,,,0.0,861165.0,beautybase.com(UK),£11.00 £110.00/L,https://www.idealo.co.uk/relocator/relocate?categoryId=3972&offerKey=f11f77cc9688595e0fad7f2ff7b38d67&offerListId=861165-C5BA33A3A4EEB611A66C3896D4486AC4&pos=4&price=11.00&productid=861165&sid=299115&type=offer
01-EA-GTT-TS100,ELIZABETH ARDEN GREEN TEA TROPICAL EDT-S 100ML,85805069308.0,1000+,31.0,5.5,,,0.0,861165.0,ebay.co.uk,£11.75 £117.50/L,https://www.idealo.co.uk/relocator/relocate?categoryId=3972&offerKey=ecc305911b1a468f1d236d45c1f91976&offerListId=861165-C5BA33A3A4EEB611A66C3896D4486AC4&pos=5&price=11.75&productid=861165&sid=22818&type=offer
01-EA-GTT-TS100,ELIZABETH ARDEN GREEN TEA TROPICAL EDT-S 100ML,85805069308.0,1000+,31.0,5.5,,,0.0,861165.0,Tjhughes.co.uk,£12.00 £120.00/L,https://www.idealo.co.uk/relocator/relocate?categoryId=3972&offerKey=7abb000f7e698df80b3f4c63d625f5ee&offerListId=861165-C5BA33A3A4EEB611A66C3896D4486AC4&pos=6&price=12.00&productid=861165&sid=28759&type=offer
01-EA-GTT-TS100,ELIZABETH ARDEN GREEN TEA TROPICAL EDT-S 100ML,85805069308.0,1000+,31.0,5.5,,,0.0,861165.0,secretsales.com (UK),£13.00 £130.00/L,https://www.idealo.co.uk/relocator/relocate?categoryId=3972&offerKey=b9bbe217a8e399ff54c763a92b5a36a2&offerListId=861165-C5BA33A3A4EEB611A66C3896D4486AC4&pos=7&price=13.00&productid=861165&sid=324015&type=offer
01-EA-GTT-TS100,ELIZABETH ARDEN GREEN TEA TROPICAL EDT-S 100ML,85805069308.0,1000+,31.0,5.5,,,0.0,861165.0,cazaar.co.uk,£13.96 £139.60/L,https://www.idealo.co.uk/relocator/relocate?categoryId=3972&offerKey=336e15d2922680ca213e3aaed7d54d5e&offerListId=861165-C5BA33A3A4EEB611A66C3896D4486AC4&pos=8&price=13.96&productid=861165&sid=331015&type=offer
01-EA-GTT-TS100,ELIZABETH ARDEN GREEN TEA TROPICAL EDT-S 100ML,85805069308.0,1000+,31.0,5.5,,,0.0,861165.0,onbuy.com,£14.34 £143.40/L,https://www.idealo.co.uk/relocator/relocate?categoryId=3972&offerKey=f7d3948358554a6e2ee6ded0753c8237&offerListId=861165-C5BA33A3A4EEB611A66C3896D4486AC4&pos=9&price=14.34&productid=861165&sid=316895&type=offer
01-EA-GTT-TS100,ELIZABETH ARDEN GREEN TEA TROPICAL EDT-S 100ML,85805069308.0,1000+,31.0,5.5,,,0.0,861165.0,onbuy.com,£15.24 £152.40/L,https://www.idealo.co.uk/relocator/relocate?categoryId=3972&offerKey=16f25b067a4ecf629e30357d7b59f01c&offerListId=861165-C5BA33A3A4EEB611A66C3896D4486AC4&pos=10&price=15.24&productid=861165&sid=316895&type=offer
01-EA-GTT-TS100,ELIZABETH ARDEN GREEN TEA TROPICAL EDT-S 100ML,85805069308.0,1000+,31.0,5.5,,,0.0,861165.0,Luxplus.co.uk,£23.95 £239.50/L,https://www.idealo.co.uk/relocator/relocate?categoryId=3972&offerKey=144874b3db9a2062427a2d673affa027&offerListId=861165-C5BA33A3A4EEB611A66C3896D4486AC4&pos=11&price=23.95&productid=861165&sid=322970&type=offer
01-EA-RED-TS100,ELIZABETH ARDEN RED DOOR EDT-S 100ML,85805558420.0,1000+,60.0,11.95,,,0.0,3783032.0,Scentsationalperfumes.com,£17.95 £179.50/L,https://www.idealo.co.uk/relocator/relocate?categoryId=3972&offerKey=8e04a7230d225c55759fd8886150881d&offerListId=3783032-06A9AF7DF683211A01867B0D0DB772BD&pos=1&price=17.95&productid=3783032&sid=282041&type=offer
01-EA-RED-TS100,ELIZABETH ARDEN RED DOOR EDT-S 100ML,85805558420.0,1000+,60.0,11.95,,,0.0,3783032.0,onbuy.com,£18.10 £181.00/L,https://www.idealo.co.uk/relocator/relocate?categoryId=3972&offerKey=900199f9e1ec3489bfe944266de432ae&offerListId=3783032-06A9AF7DF683211A01867B0D0DB772BD&pos=2&price=18.10&productid=3783032&sid=316895&type=offer
01-EA-RED-TS100,ELIZABETH ARDEN RED DOOR EDT-S 100ML,85805558420.0,1000+,60.0,11.95,,,0.0,3783032.0,beautybase.com(UK),£20.00 £200.00/L,https://www.idealo.co.uk/relocator/relocate?categoryId=3972&offerKey=36401407275ed5a6427faca64f9d0a99&offerListId=3783032-06A9AF7DF683211A01867B0D0DB772BD&pos=3&price=20.00&productid=3783032&sid=299115&type=offer
01-EA-RED-TS100,ELIZABETH ARDEN RED DOOR EDT-S 100ML,85805558420.0,1000+,60.0,11.95,,,0.0,3783032.0,Perfumeclick.co.uk,£20.60 £206.00/L,https://www.idealo.co.uk/relocator/relocate?categoryId=3972&offerKey=fe3dc746bb27d8785a6053f1db604127&offerListId=3783032-06A9AF7DF683211A01867B0D0DB772BD&pos=4&price=20.60&productid=3783032&sid=69736&type=offer
01-EA-RED-TS100,ELIZABETH ARDEN RED DOOR EDT-S 100ML,85805558420.0,1000+,60.0,11.95,,,0.0,3783032.0,,£20.80 £208.00/L,https://www.idealo.co.uk/relocator/relocate?categoryId=3972&offerKey=121fe0dc3939d1a957b968750cd05004&offerListId=3783032-06A9AF7DF683211A01867B0D0DB772BD&pos=5&price=20.80&productid=3783032&sid=307734&type=offer
01-EA-RED-TS100,ELIZABETH ARDEN RED DOOR EDT-S 100ML,85805558420.0,1000+,60.0,11.95,,,0.0,3783032.0,Tjhughes.co.uk,£21.00 £210.00/L,https://www.idealo.co.uk/relocator/relocate?categoryId=3972&offerKey=582bb8d09891886f0ab7e20059f85c33&offerListId=3783032-06A9AF7DF683211A01867B0D0DB772BD&pos=6&price=21.00&productid=3783032&sid=28759&type=offer
01-EA-RED-TS100,ELIZABETH ARDEN RED DOOR EDT-S 100ML,85805558420.0,1000+,60.0,11.95,,,0.0,3783032.0,Amazon-marketplace.co.uk,£21.49 £214.90/L,https://www.idealo.co.uk/relocator/relocate?categoryId=3972&offerKey=2ce852a68d53ebdc89458237bfe062a6&offerListId=3783032-06A9AF7DF683211A01867B0D0DB772BD&pos=7&price=21.49&productid=3783032&sid=22828&type=offer
01-EA-RED-TS100,ELIZABETH ARDEN RED DOOR EDT-S 100ML,85805558420.0,1000+,60.0,11.95,,,0.0,3783032.0,ebay.co.uk,£21.94 £219.40/L,https://www.idealo.co.uk/relocator/relocate?categoryId=3972&offerKey=b41d2d48fbac22f22a1751ccbfb848e0&offerListId=3783032-06A9AF7DF683211A01867B0D0DB772BD&pos=8&price=21.94&productid=3783032&sid=22818&type=offer
01-EA-RED-TS100,ELIZABETH ARDEN RED DOOR EDT-S 100ML,85805558420.0,1000+,60.0,11.95,,,0.0,3783032.0,perfumedirect.com,£22.99 £229.90/L,https://www.idealo.co.uk/relocator/relocate?categoryId=3972&offerKey=28333fe4b9a3a4e073a878407f491272&offerListId=3783032-06A9AF7DF683211A01867B0D0DB772BD&pos=9&price=22.99&productid=3783032&sid=318630&type=offer
01-EA-RED-TS100,ELIZABETH ARDEN RED DOOR EDT-S 100ML,85805558420.0,1000+,60.0,11.95,,,0.0,3783032.0,secretsales.com (UK),£23.15 £231.50/L,https://www.idealo.co.uk/relocator/relocate?categoryId=3972&offerKey=becbe5cc70326e400019a12bc305e4bc&offerListId=3783032-06A9AF7DF683211A01867B0D0DB772BD&pos=10&price=23.15&productid=3783032&sid=324015&type=offer
01-EA-RED-TS100,ELIZABETH ARDEN RED DOOR EDT-S 100ML,85805558420.0,1000+,60.0,11.95,,,0.0,3783032.0,allbeauty.com(UK),£23.95 £239.50/L,https://www.idealo.co.uk/relocator/relocate?categoryId=3972&offerKey=9c76f8790697daa741cc59bec6b82cb7&offerListId=3783032-06A9AF7DF683211A01867B0D0DB772BD&pos=11&price=23.95&productid=3783032&sid=28942&type=offer
01-EA-RED-TS100,ELIZABETH ARDEN RED DOOR EDT-S 100ML,85805558420.0,1000+,60.0,11.95,,,0.0,3783032.0,groupon.co.uk,£23.99 £239.90/L,https://www.idealo.co.uk/relocator/relocate?categoryId=3972&offerKey=3765a7401d97173bf08d274b5a78dedb&offerListId=3783032-06A9AF7DF683211A01867B0D0DB772BD&pos=12&price=23.99&productid=3783032&sid=313205&type=offer
01-EA-RED-TS100,ELIZABETH ARDEN RED DOOR EDT-S 100ML,85805558420.0,1000+,60.0,11.95,,,0.0,3783032.0,Fragrancedirect.co.uk,£24.95 £249.50/L,https://www.idealo.co.uk/relocator/relocate?categoryId=3972&offerKey=e8c4b68ee908ca511886ed9df0a4b779&offerListId=3783032-06A9AF7DF683211A01867B0D0DB772BD&pos=13&price=24.95&productid=3783032&sid=21971&type=offer
01-EA-RED-TS100,ELIZABETH ARDEN RED DOOR EDT-S 100ML,85805558420.0,1000+,60.0,11.95,,,0.0,3783032.0,groupon.co.uk,£27.95 £279.50/L,https://www.idealo.co.uk/relocator/relocate?categoryId=3972&offerKey=c225c427f275296bfb6dfbacdef94179&offerListId=3783032-06A9AF7DF683211A01867B0D0DB772BD&pos=14&price=27.95&productid=3783032&sid=313205&type=offer
01-EA-RED-TS100,ELIZABETH ARDEN RED DOOR EDT-S 100ML,85805558420.0,1000+,60.0,11.95,,,0.0,3783032.0,Tjhughes.co.uk,£28.00 £280.00/L,https://www.idealo.co.uk/relocator/relocate?categoryId=3972&offerKey=0529a5ce0a26078504c9ad23d12c91f3&offerListId=3783032-06A9AF7DF683211A01867B0D0DB772BD&pos=15&price=28.00&productid=3783032&sid=28759&type=offer
01-EA-RED-TS100,ELIZABETH ARDEN RED DOOR EDT-S 100ML,85805558420.0,1000+,60.0,11.95,,,0.0,3783032.0,perfumeuk.co.uk,£29.00 £290.00/L,https://www.idealo.co.uk/relocator/relocate?categoryId=3972&offerKey=58cfee779acd90759b286dcf4656b035&offerListId=3783032-06A9AF7DF683211A01867B0D0DB772BD&pos=16&price=29.00&productid=3783032&sid=323991&type=offer
01-EA-RED-TS100,ELIZABETH ARDEN RED DOOR EDT-S 100ML,85805558420.0,1000+,60.0,11.95,,,0.0,3783032.0,Directcosmetics.com(UK),£29.99 £299.90/L,https://www.idealo.co.uk/relocator/relocate?categoryId=3972&offerKey=787b8c4a3437a3cc8b5f4048338fba4c&offerListId=3783032-06A9AF7DF683211A01867B0D0DB772BD&pos=17&price=29.99&productid=3783032&sid=24317&type=offer
01-EA-RED-TS100,ELIZABETH ARDEN RED DOOR EDT-S 100ML,85805558420.0,1000+,60.0,11.95,,,0.0,3783032.0,secretsales.com (UK),£30.50 £305.00/L,https://www.idealo.co.uk/relocator/relocate?categoryId=3972&offerKey=b55307f4bb5b836e27e69b5c76c0a5e9&offerListId=3783032-06A9AF7DF683211A01867B0D0DB772BD&pos=18&price=30.50&productid=3783032&sid=324015&type=offer
01-EA-RED-TS100,ELIZABETH ARDEN RED DOOR EDT-S 100ML,85805558420.0,1000+,60.0,11.95,,,0.0,3783032.0,my-origines.com(UK),£30.73 £307.30/L,https://www.idealo.co.uk/relocator/relocate?categoryId=3972&offerKey=95febd8a71853d58140d506ac23a7438&offerListId=3783032-06A9AF7DF683211A01867B0D0DB772BD&pos=19&price=30.73&productid=3783032&sid=328503&type=offer
01-EA-RED-TS100,ELIZABETH ARDEN RED DOOR EDT-S 100ML,85805558420.0,1000+,60.0,11.95,,,0.0,3783032.0,Perfumeshopping.com(UK),£31.33 £313.30/L,https://www.idealo.co.uk/relocator/relocate?categoryId=3972&offerKey=29c9c083e897453862613f98f6d463c7&offerListId=3783032-06A9AF7DF683211A01867B0D0DB772BD&pos=20&price=31.33&productid=3783032&sid=282217&type=offer
01-EA-SUN-TS100,ELIZABETH ARDEN SUNFLOWERS EDT-S 100ML,85805757748.0,653,34.0,6.5,,,0.0,590245.0,,£8.16 £81.60/L,https://www.idealo.co.uk/relocator/relocate?categoryId=3972&offerKey=a6dcbd1d3bd4c2358487d04c5f515ff0&offerListId=590245-FDEF1611864632FA7BC58760C86C16C8&pos=1&price=8.16&productid=590245&sid=307734&type=offer
01-EA-SUN-TS100,ELIZABETH ARDEN SUNFLOWERS EDT-S 100ML,85805757748.0,653,34.0,6.5,,,0.0,590245.0,my-origines.com(UK),£10.74 £107.40/L,https://www.idealo.co.uk/relocator/relocate?categoryId=3972&offerKey=255ee0ef0ecb7a53740706e0b67b4c2f&offerListId=590245-FDEF1611864632FA7BC58760C86C16C8&pos=2&price=10.74&productid=590245&sid=328503&type=offer
01-EA-SUN-TS100,ELIZABETH ARDEN SUNFLOWERS EDT-S 100ML,85805757748.0,653,34.0,6.5,,,0.0,590245.0,Expresschemist.co.uk,£12.00 £120.00/L,https://www.idealo.co.uk/relocator/relocate?categoryId=3972&offerKey=fd864b702abfa8a7037f54beeb4674ab&offerListId=590245-FDEF1611864632FA7BC58760C86C16C8&pos=3&price=12.00&productid=590245&sid=22167&type=offer
01-EA-SUN-TS100,ELIZABETH ARDEN SUNFLOWERS EDT-S 100ML,85805757748.0,653,34.0,6.5,,,0.0,590245.0,onbuy.com,£12.00 £120.00/L,https://www.idealo.co.uk/relocator/relocate?categoryId=3972&offerKey=7d8a742041df7c9f0b96b7e1e65767ca&offerListId=590245-FDEF1611864632FA7BC58760C86C16C8&pos=4&price=12.00&productid=590245&sid=316895&type=offer
01-EA-SUN-TS100,ELIZABETH ARDEN SUNFLOWERS EDT-S 100ML,85805757748.0,653,34.0,6.5,,,0.0,590245.0,Perfumeclick.co.uk,£12.35 £123.50/L,https://www.idealo.co.uk/relocator/relocate?categoryId=3972&offerKey=795802a95f19509cba052ddfc100e5c1&offerListId=590245-FDEF1611864632FA7BC58760C86C16C8&pos=5&price=12.35&productid=590245&sid=69736&type=offer
01-EA-SUN-TS100,ELIZABETH ARDEN SUNFLOWERS EDT-S 100ML,85805757748.0,653,34.0,6.5,,,0.0,590245.0,Amazon-marketplace.co.uk,£12.45 £124.50/L,https://www.idealo.co.uk/relocator/relocate?categoryId=3972&offerKey=6b7d2265b98b32d21237605e64bcad9a&offerListId=590245-FDEF1611864632FA7BC58760C86C16C8&pos=6&price=12.45&productid=590245&sid=22828&type=offer
01-EA-SUN-TS100,ELIZABETH ARDEN SUNFLOWERS EDT-S 100ML,85805757748.0,653,34.0,6.5,,,0.0,590245.0,Scentsationalperfumes.com,£12.50 £125.00/L,https://www.idealo.co.uk/relocator/relocate?categoryId=3972&offerKey=3e530ce5e5f63877de88e9d74f001444&offerListId=590245-FDEF1611864632FA7BC58760C86C16C8&pos=7&price=12.50&productid=590245&sid=282041&type=offer
01-EA-SUN-TS100,ELIZABETH ARDEN SUNFLOWERS EDT-S 100ML,85805757748.0,653,34.0,6.5,,,0.0,590245.0,Fragrancedirect.co.uk,£12.50 £125.00/L,https://www.idealo.co.uk/relocator/relocate?categoryId=3972&offerKey=5645a7b097c6c11d9aa5903e9f139d5f&offerListId=590245-FDEF1611864632FA7BC58760C86C16C8&pos=8&price=12.50&productid=590245&sid=21971&type=offer
01-EA-SUN-TS100,ELIZABETH ARDEN SUNFLOWERS EDT-S 100ML,85805757748.0,653,34.0,6.5,,,0.0,590245.0,cosmetify.com,£12.97 £129.70/L,https://www.idealo.co.uk/relocator/relocate?categoryId=3972&offerKey=2828ed26a04ee8ae8d810dc255a49d42&offerListId=590245-FDEF1611864632FA7BC58760C86C16C8&pos=9&price=12.97&productid=590245&sid=329503&type=offer
01-EA-SUN-TS100,ELIZABETH ARDEN SUNFLOWERS EDT-S 100ML,85805757748.0,653,34.0,6.5,,,0.0,590245.0,escentual.com(UK),£13.05 £130.50/L,https://www.idealo.co.uk/relocator/relocate?categoryId=3972&offerKey=87ce822fc874cfc16833846b55e023dc&offerListId=590245-FDEF1611864632FA7BC58760C86C16C8&pos=10&price=13.05&productid=590245&sid=21988&type=offer
01-EA-SUN-TS100,ELIZABETH ARDEN SUNFLOWERS EDT-S 100ML,85805757748.0,653,34.0,6.5,,,0.0,590245.0,ebay.co.uk,£13.15 £131.50/L,https://www.idealo.co.uk/relocator/relocate?categoryId=3972&offerKey=5f0b7952669264ff4a9b881dd07fed63&offerListId=590245-FDEF1611864632FA7BC58760C86C16C8&pos=11&price=13.15&productid=590245&sid=22818&type=offer
01-EA-SUN-TS100,ELIZABETH ARDEN SUNFLOWERS EDT-S 100ML,85805757748.0,653,34.0,6.5,,,0.0,590245.0,groupon.co.uk,£13.50 £135.00/L,https://www.idealo.co.uk/relocator/relocate?categoryId=3972&offerKey=7125badee1c6449d500a146c7d325d15&offerListId=590245-FDEF1611864632FA7BC58760C86C16C8&pos=12&price=13.50&productid=590245&sid=313205&type=offer
01-EA-SUN-TS100,ELIZABETH ARDEN SUNFLOWERS EDT-S 100ML,85805757748.0,653,34.0,6.5,,,0.0,590245.0,Perfumeshopping.com(UK),£13.93 £139.30/L,https://www.idealo.co.uk/relocator/relocate?categoryId=3972&offerKey=5b7b83562241e11146aec29e1a31a3b2&offerListId=590245-FDEF1611864632FA7BC58760C86C16C8&pos=13&price=13.93&productid=590245&sid=282217&type=offer
01-EA-SUN-TS100,ELIZABETH ARDEN SUNFLOWERS EDT-S 100ML,85805757748.0,653,34.0,6.5,,,0.0,590245.0,secretsales.com (UK),£14.50 £145.00/L,https://www.idealo.co.uk/relocator/relocate?categoryId=3972&offerKey=3961135715380c02f531b5300794cb0b&offerListId=590245-FDEF1611864632FA7BC58760C86C16C8&pos=14&price=14.50&productid=590245&sid=324015&type=offer
01-EA-SUN-TS100,ELIZABETH ARDEN SUNFLOWERS EDT-S 100ML,85805757748.0,653,34.0,6.5,,,0.0,590245.0,parfumdreams.co.uk,£17.03 £170.30/L,https://www.idealo.co.uk/relocator/relocate?categoryId=3972&offerKey=518cf6d85f24bd3c58330b3b713d133c&offerListId=590245-FDEF1611864632FA7BC58760C86C16C8&pos=15&price=17.03&productid=590245&sid=316458&type=offer
01-EA-SUN-TS100,ELIZABETH ARDEN SUNFLOWERS EDT-S 100ML,85805757748.0,653,34.0,6.5,,,0.0,590245.0,Luxplus.co.uk,£27.99 £279.90/L,https://www.idealo.co.uk/relocator/relocate?categoryId=3972&offerKey=087e8e5f4cd57c66d8a3c772abbee9e5&offerListId=590245-FDEF1611864632FA7BC58760C86C16C8&pos=16&price=27.99&productid=590245&sid=322970&type=offer
01-EA-SUN-TS100,ELIZABETH ARDEN SUNFLOWERS EDT-S 100ML,85805757748.0,653,34.0,6.5,,,0.0,590245.0,onbuy.com,£31.30 £313.00/L,https://www.idealo.co.uk/relocator/relocate?categoryId=3972&offerKey=068354aa918292c3007aaf2e13f279e9&offerListId=590245-FDEF1611864632FA7BC58760C86C16C8&pos=17&price=31.30&productid=590245&sid=316895&type=offer
01-EA-SUN-TS100,ELIZABETH ARDEN SUNFLOWERS EDT-S 100ML,85805757748.0,653,34.0,6.5,,,0.0,590245.0,Lookfantastic.com (UK),£34.00 £340.00/L,https://www.idealo.co.uk/relocator/relocate?categoryId=3972&offerKey=3d3aba27b69932c8d29494da52a32cc5&offerListId=590245-FDEF1611864632FA7BC58760C86C16C8&pos=18&price=34.00&productid=590245&sid=24416&type=offer
01-EA-SUN-TS100,ELIZABETH ARDEN SUNFLOWERS EDT-S 100ML,85805757748.0,653,34.0,6.5,,,0.0,590245.0,cazaar.co.uk,£38.70 £387.00/L,https://www.idealo.co.uk/relocator/relocate?categoryId=3972&offerKey=882861b56f1cd86814fea3bf76eefb7d&offerListId=590245-FDEF1611864632FA7BC58760C86C16C8&pos=19&price=38.70&productid=590245&sid=331015&type=offer
01-EL-BEA-PS30,ESTEE LAUDER BEAUTIFUL EDP-S 30ML,27131086864.0,1000+,55.0,11.75,,,0.0,590462.0,Clearchemist.co.uk,£18.89 £629.67/L,https://www.idealo.co.uk/relocator/relocate?categoryId=3972&offerKey=d3bdccd450546f13868a46219d4b6961&offerListId=590462-069720D0C68844DB0898EE2236971F66&pos=1&price=18.89&productid=590462&sid=289670&type=offer
01-EL-BEA-PS30,ESTEE LAUDER BEAUTIFUL EDP-S 30ML,27131086864.0,1000+,55.0,11.75,,,0.0,590462.0,allbeauty.com(UK),£20.95 £698.33/L,https://www.idealo.co.uk/relocator/relocate?categoryId=3972&offerKey=e1d027ab7a8417b0d52c878e93e8ed7a&offerListId=590462-069720D0C68844DB0898EE2236971F66&pos=2&price=20.95&productid=590462&sid=28942&type=offer
01-EL-BEA-PS30,ESTEE LAUDER BEAUTIFUL EDP-S 30ML,27131086864.0,1000+,55.0,11.75,,,0.0,590462.0,Perfumeclick.co.uk,£21.00 £700.00/L,https://www.idealo.co.uk/relocator/relocate?categoryId=3972&offerKey=cfafbe03a96f5c52e57cbd286b533ca9&offerListId=590462-069720D0C68844DB0898EE2236971F66&pos=3&price=21.00&productid=590462&sid=69736&type=offer
01-EL-BEA-PS30,ESTEE LAUDER BEAUTIFUL EDP-S 30ML,27131086864.0,1000+,55.0,11.75,,,0.0,590462.0,ebay.co.uk,£21.75 £725.00/L,https://www.idealo.co.uk/relocator/relocate?categoryId=3972&offerKey=ab0c41d0f0ad7d15abbf4eba7ec0d6ce&offerListId=590462-069720D0C68844DB0898EE2236971F66&pos=4&price=21.75&productid=590462&sid=22818&type=offer
01-EL-BEA-PS30,ESTEE LAUDER BEAUTIFUL EDP-S 30ML,27131086864.0,1000+,55.0,11.75,,,0.0,590462.0,Amazon-marketplace.co.uk,£22.00 £733.33/L,https://www.idealo.co.uk/relocator/relocate?categoryId=3972&offerKey=d61085f148d57f1cdfb180601b165f95&offerListId=590462-069720D0C68844DB0898EE2236971F66&pos=5&price=22.00&productid=590462&sid=22828&type=offer
01-EL-BEA-PS30,ESTEE LAUDER BEAUTIFUL EDP-S 30ML,27131086864.0,1000+,55.0,11.75,,,0.0,590462.0,Pharmacy2u.co.uk,£22.00 £733.33/L,https://www.idealo.co.uk/relocator/relocate?categoryId=3972&offerKey=69eb8bae47e2c96c0ca1b5e93e0d034a&offerListId=590462-069720D0C68844DB0898EE2236971F66&pos=6&price=22.00&productid=590462&sid=25468&type=offer
01-EL-BEA-PS30,ESTEE LAUDER BEAUTIFUL EDP-S 30ML,27131086864.0,1000+,55.0,11.75,,,0.0,590462.0,cosmetify.com,£22.05 £735.00/L,https://www.idealo.co.uk/relocator/relocate?categoryId=3972&offerKey=0ae7d7849b8e9b5b9a9b8903e4d72718&offerListId=590462-069720D0C68844DB0898EE2236971F66&pos=7&price=22.05&productid=590462&sid=329503&type=offer
01-EL-BEA-PS30,ESTEE LAUDER BEAUTIFUL EDP-S 30ML,27131086864.0,1000+,55.0,11.75,,,0.0,590462.0,groupon.co.uk,£23.95 £798.33/L,https://www.idealo.co.uk/relocator/relocate?categoryId=3972&offerKey=0ab0695dad98f89948d33b4a56f1369e&offerListId=590462-069720D0C68844DB0898EE2236971F66&pos=8&price=23.95&productid=590462&sid=313205&type=offer
01-EL-BEA-PS30,ESTEE LAUDER BEAUTIFUL EDP-S 30ML,27131086864.0,1000+,55.0,11.75,,,0.0,590462.0,secretsales.com (UK),£23.99 £799.67/L,https://www.idealo.co.uk/relocator/relocate?categoryId=3972&offerKey=f0905ebf8fe3b720b7825102fc3ca107&offerListId=590462-069720D0C68844DB0898EE2236971F66&pos=9&price=23.99&productid=590462&sid=324015&type=offer
01-EL-BEA-PS30,ESTEE LAUDER BEAUTIFUL EDP-S 30ML,27131086864.0,1000+,55.0,11.75,,,0.0,590462.0,perfumedirect.com,£23.99 £799.67/L,https://www.idealo.co.uk/relocator/relocate?categoryId=3972&offerKey=5d824bcafd94534259aa38a531e098a1&offerListId=590462-069720D0C68844DB0898EE2236971F66&pos=10&price=23.99&productid=590462&sid=318630&type=offer
01-EL-BEA-PS30,ESTEE LAUDER BEAUTIFUL EDP-S 30ML,27131086864.0,1000+,55.0,11.75,,,0.0,590462.0,secretsales.com (UK),£24.20 £806.67/L,https://www.idealo.co.uk/relocator/relocate?categoryId=3972&offerKey=2dcc693081bc6cd942d7d286f8e679e6&offerListId=590462-069720D0C68844DB0898EE2236971F66&pos=11&price=24.20&productid=590462&sid=324015&type=offer
01-EL-BEA-PS30,ESTEE LAUDER BEAUTIFUL EDP-S 30ML,27131086864.0,1000+,55.0,11.75,,,0.0,590462.0,amazon.co.uk,£24.54 £818.00/L,https://www.idealo.co.uk/relocator/relocate?categoryId=3972&offerKey=10674af9f2f2fee3af9ecd8638dabec6&offerListId=590462-069720D0C68844DB0898EE2236971F66&pos=12&price=24.54&productid=590462&sid=12004&type=offer
01-EL-BEA-PS30,ESTEE LAUDER BEAUTIFUL EDP-S 30ML,27131086864.0,1000+,55.0,11.75,,,0.0,590462.0,cazaar.co.uk,£24.99 £833.00/L,https://www.idealo.co.uk/relocator/relocate?categoryId=3972&offerKey=4ca0c8db23fa4e3084a39b5e6d821381&offerListId=590462-069720D0C68844DB0898EE2236971F66&pos=13&price=24.99&productid=590462&sid=331015&type=offer
01-EL-BEA-PS30,ESTEE LAUDER BEAUTIFUL EDP-S 30ML,27131086864.0,1000+,55.0,11.75,,,0.0,590462.0,onbuy.com,£26.18 £872.67/L,https://www.idealo.co.uk/relocator/relocate?categoryId=3972&offerKey=03ca238690dbebeb51c5d2fba357ce8f&offerListId=590462-069720D0C68844DB0898EE2236971F66&pos=14&price=26.18&productid=590462&sid=316895&type=offer
01-EL-BEA-PS30,ESTEE LAUDER BEAUTIFUL EDP-S 30ML,27131086864.0,1000+,55.0,11.75,,,0.0,590462.0,bodycareonline.co.uk,£27.99 £933.00/L,https://www.idealo.co.uk/relocator/relocate?categoryId=3972&offerKey=dc247f51fecfca5ca4aec78fb7df3bd7&offerListId=590462-069720D0C68844DB0898EE2236971F66&pos=15&price=27.99&productid=590462&sid=332851&type=offer
01-EL-BEA-PS30,ESTEE LAUDER BEAUTIFUL EDP-S 30ML,27131086864.0,1000+,55.0,11.75,,,0.0,590462.0,Dressinn.com (UK),£28.99 £966.33/L,https://www.idealo.co.uk/relocator/relocate?categoryId=3972&offerKey=4c8c5d103e095774ae086dc6560ec0ff&offerListId=590462-069720D0C68844DB0898EE2236971F66&pos=16&price=28.99&productid=590462&sid=318629&type=offer
01-EL-BEA-PS30,ESTEE LAUDER BEAUTIFUL EDP-S 30ML,27131086864.0,1000+,55.0,11.75,,,0.0,590462.0,groupon.co.uk,£29.99 £999.67/L,https://www.idealo.co.uk/relocator/relocate?categoryId=3972&offerKey=fd174cb4347e6e8f656be1f319462bbf&offerListId=590462-069720D0C68844DB0898EE2236971F66&pos=17&price=29.99&productid=590462&sid=313205&type=offer
01-EL-BEA-PS75,ESTEE LAUDER BEAUTIFUL EDP-S 75ML,27131086871.0,1000+,85.0,22.95,,,0.0,590463.0,Amazon-marketplace.co.uk,£34.01 £453.47/L,https://www.idealo.co.uk/relocator/relocate?categoryId=3972&offerKey=eb59c5fb73e552e63baf2427044ed5d7&offerListId=590463-BA97880D466C37598557CD393BCE6CAA&pos=1&price=34.01&productid=590463&sid=22828&type=offer
01-EL-BEA-PS75,ESTEE LAUDER BEAUTIFUL EDP-S 75ML,27131086871.0,1000+,85.0,22.95,,,0.0,590463.0,ebay.co.uk,£34.95 £466.00/L,https://www.idealo.co.uk/relocator/relocate?categoryId=3972&offerKey=f492afff18b8d3364820f7949d8be2de&offerListId=590463-BA97880D466C37598557CD393BCE6CAA&pos=2&price=34.95&productid=590463&sid=22818&type=offer
01-EL-BEA-PS75,ESTEE LAUDER BEAUTIFUL EDP-S 75ML,27131086871.0,1000+,85.0,22.95,,,0.0,590463.0,Perfumeclick.co.uk,£37.45 £499.33/L,https://www.idealo.co.uk/relocator/relocate?categoryId=3972&offerKey=580812fadbe7138dda12461b3c631d4c&offerListId=590463-BA97880D466C37598557CD393BCE6CAA&pos=3&price=37.45&productid=590463&sid=69736&type=offer
01-EL-BEA-PS75,ESTEE LAUDER BEAUTIFUL EDP-S 75ML,27131086871.0,1000+,85.0,22.95,,,0.0,590463.0,Pharmacy2u.co.uk,£38.25 £510.00/L,https://www.idealo.co.uk/relocator/relocate?categoryId=3972&offerKey=a4a2c494a370f1d34654d8cb7d177765&offerListId=590463-BA97880D466C37598557CD393BCE6CAA&pos=4&price=38.25&productid=590463&sid=25468&type=offer
01-EL-BEA-PS75,ESTEE LAUDER BEAUTIFUL EDP-S 75ML,27131086871.0,1000+,85.0,22.95,,,0.0,590463.0,perfumeprice.co.uk,£38.95 £519.33/L,https://www.idealo.co.uk/relocator/relocate?categoryId=3972&offerKey=d33f94781a3cdc3d2e22d8eb090d5d97&offerListId=590463-BA97880D466C37598557CD393BCE6CAA&pos=5&price=38.95&productid=590463&sid=321700&type=offer
01-EL-BEA-PS75,ESTEE LAUDER BEAUTIFUL EDP-S 75ML,27131086871.0,1000+,85.0,22.95,,,0.0,590463.0,onbuy.com,£39.01 £520.13/L,https://www.idealo.co.uk/relocator/relocate?categoryId=3972&offerKey=20f0ddba7875e6bc389bb4bfb5d25f80&offerListId=590463-BA97880D466C37598557CD393BCE6CAA&pos=6&price=39.01&productid=590463&sid=316895&type=offer
01-EL-BEA-PS75,ESTEE LAUDER BEAUTIFUL EDP-S 75ML,27131086871.0,1000+,85.0,22.95,,,0.0,590463.0,cosmetify.com,£39.32 £524.27/L,https://www.idealo.co.uk/relocator/relocate?categoryId=3972&offerKey=c1fbdbda675e551ddccdffb517f0b096&offerListId=590463-BA97880D466C37598557CD393BCE6CAA&pos=7&price=39.32&productid=590463&sid=329503&type=offer
01-EL-BEA-PS75,ESTEE LAUDER BEAUTIFUL EDP-S 75ML,27131086871.0,1000+,85.0,22.95,,,0.0,590463.0,amazon.co.uk,£39.95 £532.67/L,https://www.idealo.co.uk/relocator/relocate?categoryId=3972&offerKey=1028943d4dfa363c8491b1f9a67a053d&offerListId=590463-BA97880D466C37598557CD393BCE6CAA&pos=8&price=39.95&productid=590463&sid=12004&type=offer
01-EL-BEA-PS75,ESTEE LAUDER BEAUTIFUL EDP-S 75ML,27131086871.0,1000+,85.0,22.95,,,0.0,590463.0,allbeauty.com(UK),£39.95 £532.67/L,https://www.idealo.co.uk/relocator/relocate?categoryId=3972&offerKey=b0a422bff1a3c7b0392ad21a1b7a8b77&offerListId=590463-BA97880D466C37598557CD393BCE6CAA&pos=9&price=39.95&productid=590463&sid=28942&type=offer
01-EL-BEA-PS75,ESTEE LAUDER BEAUTIFUL EDP-S 75ML,27131086871.0,1000+,85.0,22.95,,,0.0,590463.0,escentual.com(UK),£40.50 £540.00/L,https://www.idealo.co.uk/relocator/relocate?categoryId=3972&offerKey=be48810e03f5248c0ea2b41129c88342&offerListId=590463-BA97880D466C37598557CD393BCE6CAA&pos=10&price=40.50&productid=590463&sid=21988&type=offer
01-EL-BEA-PS75,ESTEE LAUDER BEAUTIFUL EDP-S 75ML,27131086871.0,1000+,85.0,22.95,,,0.0,590463.0,secretsales.com (UK),£40.99 £546.53/L,https://www.idealo.co.uk/relocator/relocate?categoryId=3972&offerKey=58b572e7a32cdb1db0051a44c7acc02d&offerListId=590463-BA97880D466C37598557CD393BCE6CAA&pos=11&price=40.99&productid=590463&sid=324015&type=offer
01-EL-BEA-PS75,ESTEE LAUDER BEAUTIFUL EDP-S 75ML,27131086871.0,1000+,85.0,22.95,,,0.0,590463.0,perfumedirect.com,£40.99 £546.53/L,https://www.idealo.co.uk/relocator/relocate?categoryId=3972&offerKey=09721a7875a3a3a2bc15d7efcffb09ec&offerListId=590463-BA97880D466C37598557CD393BCE6CAA&pos=12&price=40.99&productid=590463&sid=318630&type=offer
01-EL-BEA-PS75,ESTEE LAUDER BEAUTIFUL EDP-S 75ML,27131086871.0,1000+,85.0,22.95,,,0.0,590463.0,secretsales.com (UK),£44.63 £595.07/L,https://www.idealo.co.uk/relocator/relocate?categoryId=3972&offerKey=90ab51726d3a56097fae0d96f2ff8e1e&offerListId=590463-BA97880D466C37598557CD393BCE6CAA&pos=13&price=44.63&productid=590463&sid=324015&type=offer
01-EL-BEA-PS75,ESTEE LAUDER BEAUTIFUL EDP-S 75ML,27131086871.0,1000+,85.0,22.95,,,0.0,590463.0,Dressinn.com (UK),£48.99 £653.20/L,https://www.idealo.co.uk/relocator/relocate?categoryId=3972&offerKey=f7cd78db04da2402ff97ec327dd4dc3c&offerListId=590463-BA97880D466C37598557CD393BCE6CAA&pos=14&price=48.99&productid=590463&sid=318629&type=offer
01-EL-BEA-PS75,ESTEE LAUDER BEAUTIFUL EDP-S 75ML,27131086871.0,1000+,85.0,22.95,,,0.0,590463.0,Perfumeshopping.com(UK),£60.29 £803.87/L,https://www.idealo.co.uk/relocator/relocate?categoryId=3972&offerKey=9c933c64e0c7c0361776f96683ffb816&offerListId=590463-BA97880D466C37598557CD393BCE6CAA&pos=15&price=60.29&productid=590463&sid=282217&type=offer
01-EL-BEA-PS75,ESTEE LAUDER BEAUTIFUL EDP-S 75ML,27131086871.0,1000+,85.0,22.95,,,0.0,590463.0,salontotal.co.uk,£62.75 £836.67/L,https://www.idealo.co.uk/relocator/relocate?categoryId=3972&offerKey=c0a3a4c91c89040a23290e1e6c7e5193&offerListId=590463-BA97880D466C37598557CD393BCE6CAA&pos=16&price=62.75&productid=590463&sid=324505&type=offer
01-EL-BEA-PS75,ESTEE LAUDER BEAUTIFUL EDP-S 75ML,27131086871.0,1000+,85.0,22.95,,,0.0,590463.0,Expresschemist.co.uk,£63.95 £852.67/L,https://www.idealo.co.uk/relocator/relocate?categoryId=3972&offerKey=379a44defd2651d84d6ac4c70f589273&offerListId=590463-BA97880D466C37598557CD393BCE6CAA&pos=17&price=63.95&productid=590463&sid=22167&type=offer
01-EL-BEA-PS75,ESTEE LAUDER BEAUTIFUL EDP-S 75ML,27131086871.0,1000+,85.0,22.95,,,0.0,590463.0,my-origines.com(UK),£64.25 £856.67/L,https://www.idealo.co.uk/relocator/relocate?categoryId=3972&offerKey=53d82faba066f14629165276b7cb2674&offerListId=590463-BA97880D466C37598557CD393BCE6CAA&pos=18&price=64.25&productid=590463&sid=328503&type=offer
01-EL-BEA-PS75,ESTEE LAUDER BEAUTIFUL EDP-S 75ML,27131086871.0,1000+,85.0,22.95,,,0.0,590463.0,onbuy.com,£66.65 £888.67/L,https://www.idealo.co.uk/relocator/relocate?categoryId=3972&offerKey=0b2ddd0590beb83b07f6618c8f16c1e9&offerListId=590463-BA97880D466C37598557CD393BCE6CAA&pos=19&price=66.65&productid=590463&sid=316895&type=offer
01-EL-BEA-PS75,ESTEE LAUDER BEAUTIFUL EDP-S 75ML,27131086871.0,1000+,85.0,22.95,,,0.0,590463.0,Very.co.uk,£67.00 £893.33/L,https://www.idealo.co.uk/relocator/relocate?categoryId=3972&offerKey=4b9749afb2e02629967d6bbf472dcb5e&offerListId=590463-BA97880D466C37598557CD393BCE6CAA&pos=20&price=67.00&productid=590463&sid=25214&type=offer
01-EL-CIN-PS50,ESTEE LAUDER CINNABAR EDP-S 50ML,887167095878.0,869,70.0,28.5,,,0.0,102902.0,Perfumeclick.co.uk,£41.45 £829.00/L,https://www.idealo.co.uk/relocator/relocate?categoryId=3972&offerKey=b656bb0320049492753f5cd749e7831b&offerListId=102902-6774FF2BB8B8D0C7375E504EEC4069FD&pos=1&price=41.45&productid=102902&sid=69736&type=offer
01-EL-CIN-PS50,ESTEE LAUDER CINNABAR EDP-S 50ML,887167095878.0,869,70.0,28.5,,,0.0,102902.0,Amazon-marketplace.co.uk,£44.08 £881.60/L,https://www.idealo.co.uk/relocator/relocate?categoryId=3972&offerKey=9578e277d457ba5c3d31feb7b4247e4c&offerListId=102902-6774FF2BB8B8D0C7375E504EEC4069FD&pos=2&price=44.08&productid=102902&sid=22828&type=offer
01-EL-CIN-PS50,ESTEE LAUDER CINNABAR EDP-S 50ML,887167095878.0,869,70.0,28.5,,,0.0,102902.0,beautybase.com(UK),£45.00 £900.00/L,https://www.idealo.co.uk/relocator/relocate?categoryId=3972&offerKey=52c257eddc15ce082639fe3dabbc36e1&offerListId=102902-6774FF2BB8B8D0C7375E504EEC4069FD&pos=3&price=45.00&productid=102902&sid=299115&type=offer
01-EL-ES-PS50,ESTEE LAUDER ESTEE EDP-S 50ML,887167095885.0,1000+,70.0,23.95,,,0.0,4818526.0,Perfumeclick.co.uk,£38.20 £764.00/L,https://www.idealo.co.uk/relocator/relocate?categoryId=3972&offerKey=8af29d774733fb2b12529642ca2a4960&offerListId=4818526-8C07070F70B53BFEFA816179D1D90256&pos=1&price=38.20&productid=4818526&sid=69736&type=offer
01-EL-ES-PS50,ESTEE LAUDER ESTEE EDP-S 50ML,887167095885.0,1000+,70.0,23.95,,,0.0,4818526.0,Clearchemist.co.uk,£38.60 £772.00/L,https://www.idealo.co.uk/relocator/relocate?categoryId=3972&offerKey=35b417670bbcc45d14c209d6fbec1727&offerListId=4818526-8C07070F70B53BFEFA816179D1D90256&pos=2&price=38.60&productid=4818526&sid=289670&type=offer
01-EL-ES-PS50,ESTEE LAUDER ESTEE EDP-S 50ML,887167095885.0,1000+,70.0,23.95,,,0.0,4818526.0,cosmetify.com,£40.11 £802.20/L,https://www.idealo.co.uk/relocator/relocate?categoryId=3972&offerKey=9c8fea0d5478bfe866605958e257e4ac&offerListId=4818526-8C07070F70B53BFEFA816179D1D90256&pos=3&price=40.11&productid=4818526&sid=329503&type=offer
01-EL-ES-PS50,ESTEE LAUDER ESTEE EDP-S 50ML,887167095885.0,1000+,70.0,23.95,,,0.0,4818526.0,onbuy.com,£45.25 £905.00/L,https://www.idealo.co.uk/relocator/relocate?categoryId=3972&offerKey=acb5b20f175c6628c96e4db9e045a09e&offerListId=4818526-8C07070F70B53BFEFA816179D1D90256&pos=4&price=45.25&productid=4818526&sid=316895&type=offer
01-EL-ES-PS50,ESTEE LAUDER ESTEE EDP-S 50ML,887167095885.0,1000+,70.0,23.95,,,0.0,4818526.0,Amazon-marketplace.co.uk,£45.50 £910.00/L,https://www.idealo.co.uk/relocator/relocate?categoryId=3972&offerKey=88efb9cb3a4a3638017dd94498ad8e0e&offerListId=4818526-8C07070F70B53BFEFA816179D1D90256&pos=5&price=45.50&productid=4818526&sid=22828&type=offer
01-EL-ES-PS50,ESTEE LAUDER ESTEE EDP-S 50ML,887167095885.0,1000+,70.0,23.95,,,0.0,4818526.0,amazon.co.uk,£45.56 £911.20/L,https://www.idealo.co.uk/relocator/relocate?categoryId=3972&offerKey=ffbfefc04628e67d374d760fe884acf5&offerListId=4818526-8C07070F70B53BFEFA816179D1D90256&pos=6&price=45.56&productid=4818526&sid=12004&type=offer
01-EL-ES-PS50,ESTEE LAUDER ESTEE EDP-S 50ML,887167095885.0,1000+,70.0,23.95,,,0.0,4818526.0,,£47.01 £940.20/L,https://www.idealo.co.uk/relocator/relocate?categoryId=3972&offerKey=4158d892efe665d628a29f52426fe1b7&offerListId=4818526-8C07070F70B53BFEFA816179D1D90256&pos=7&price=47.01&productid=4818526&sid=307734&type=offer
01-EL-ES-PS50,ESTEE LAUDER ESTEE EDP-S 50ML,887167095885.0,1000+,70.0,23.95,,,0.0,4818526.0,allbeauty.com(UK),£48.95 £979.00/L,https://www.idealo.co.uk/relocator/relocate?categoryId=3972&offerKey=b8b86689d5f0c11f886441e4f2b7843d&offerListId=4818526-8C07070F70B53BFEFA816179D1D90256&pos=8&price=48.95&productid=4818526&sid=28942&type=offer
01-EL-ES-PS50,ESTEE LAUDER ESTEE EDP-S 50ML,887167095885.0,1000+,70.0,23.95,,,0.0,4818526.0,ebay.co.uk,£49.95 £999.00/L,https://www.idealo.co.uk/relocator/relocate?categoryId=3972&offerKey=20b0f03de61ae1e08533405a799b55a1&offerListId=4818526-8C07070F70B53BFEFA816179D1D90256&pos=9&price=49.95&productid=4818526&sid=22818&type=offer
01-EL-MM-PS50,ESTEE LAUDER MODERN MUSE EDP-S 50ML,27131261612.0,1000+,85.0,19.5,,,0.0,3906440.0,escentual.com(UK),£29.75 £595.00/L,https://www.idealo.co.uk/relocator/relocate?categoryId=3972&offerKey=839270dbb745553c7292cdcbf0ecacdd&offerListId=3906440-D69B02DAF3A1695D92B54C43B97DF1AF&pos=1&price=29.75&productid=3906440&sid=21988&type=offer
01-EL-MM-PS50,ESTEE LAUDER MODERN MUSE EDP-S 50ML,27131261612.0,1000+,85.0,19.5,,,0.0,3906440.0,Perfumeclick.co.uk,£31.65 £633.00/L,https://www.idealo.co.uk/relocator/relocate?categoryId=3972&offerKey=56d6ab0c97f19830ddb62bd34e128a5c&offerListId=3906440-D69B02DAF3A1695D92B54C43B97DF1AF&pos=2&price=31.65&productid=3906440&sid=69736&type=offer
01-EL-MM-PS50,ESTEE LAUDER MODERN MUSE EDP-S 50ML,27131261612.0,1000+,85.0,19.5,,,0.0,3906440.0,cosmetify.com,£33.23 £664.60/L,https://www.idealo.co.uk/relocator/relocate?categoryId=3972&offerKey=fe34340405008e43d8864994c0e0ced8&offerListId=3906440-D69B02DAF3A1695D92B54C43B97DF1AF&pos=3&price=33.23&productid=3906440&sid=329503&type=offer
01-EL-MM-PS50,ESTEE LAUDER MODERN MUSE EDP-S 50ML,27131261612.0,1000+,85.0,19.5,,,0.0,3906440.0,groupon.co.uk,£34.99 £699.80/L,https://www.idealo.co.uk/relocator/relocate?categoryId=3972&offerKey=48ab0195bd27c6f7e665293153858d9c&offerListId=3906440-D69B02DAF3A1695D92B54C43B97DF1AF&pos=4&price=34.99&productid=3906440&sid=313205&type=offer
01-EL-MM-PS50,ESTEE LAUDER MODERN MUSE EDP-S 50ML,27131261612.0,1000+,85.0,19.5,,,0.0,3906440.0,ebay.co.uk,£35.24 £704.80/L,https://www.idealo.co.uk/relocator/relocate?categoryId=3972&offerKey=16202c0de584ed250ef6ed2976766cb5&offerListId=3906440-D69B02DAF3A1695D92B54C43B97DF1AF&pos=5&price=35.24&productid=3906440&sid=22818&type=offer
01-EL-MM-PS50,ESTEE LAUDER MODERN MUSE EDP-S 50ML,27131261612.0,1000+,85.0,19.5,,,0.0,3906440.0,Clearchemist.co.uk,£35.93 £718.60/L,https://www.idealo.co.uk/relocator/relocate?categoryId=3972&offerKey=77750e874eb9733749ad82e94f56fb73&offerListId=3906440-D69B02DAF3A1695D92B54C43B97DF1AF&pos=6&price=35.93&productid=3906440&sid=289670&type=offer
01-EL-MM-PS50,ESTEE LAUDER MODERN MUSE EDP-S 50ML,27131261612.0,1000+,85.0,19.5,,,0.0,3906440.0,onbuy.com,£36.99 £739.80/L,https://www.idealo.co.uk/relocator/relocate?categoryId=3972&offerKey=9ee4ac4c29e4387162c50298e26136ca&offerListId=3906440-D69B02DAF3A1695D92B54C43B97DF1AF&pos=7&price=36.99&productid=3906440&sid=316895&type=offer
01-EL-MM-PS50,ESTEE LAUDER MODERN MUSE EDP-S 50ML,27131261612.0,1000+,85.0,19.5,,,0.0,3906440.0,allbeauty.com(UK),£38.45 £769.00/L,https://www.idealo.co.uk/relocator/relocate?categoryId=3972&offerKey=9476064fb72b5f67147cb94da475bf65&offerListId=3906440-D69B02DAF3A1695D92B54C43B97DF1AF&pos=8&price=38.45&productid=3906440&sid=28942&type=offer
01-EL-MM-PS50,ESTEE LAUDER MODERN MUSE EDP-S 50ML,27131261612.0,1000+,85.0,19.5,,,0.0,3906440.0,perfumeprice.co.uk,£38.95 £779.00/L,https://www.idealo.co.uk/relocator/relocate?categoryId=3972&offerKey=f1643a221848bdb0ab1005405a456b43&offerListId=3906440-D69B02DAF3A1695D92B54C43B97DF1AF&pos=9&price=38.95&productid=3906440&sid=321700&type=offer
01-EL-MM-PS50,ESTEE LAUDER MODERN MUSE EDP-S 50ML,27131261612.0,1000+,85.0,19.5,,,0.0,3906440.0,perfumedirect.com,£39.99 £799.80/L,https://www.idealo.co.uk/relocator/relocate?categoryId=3972&offerKey=e3db326311da2bbf925045a00bbe4fa7&offerListId=3906440-D69B02DAF3A1695D92B54C43B97DF1AF&pos=10&price=39.99&productid=3906440&sid=318630&type=offer
01-EL-MM-PS50,ESTEE LAUDER MODERN MUSE EDP-S 50ML,27131261612.0,1000+,85.0,19.5,,,0.0,3906440.0,secretsales.com (UK),£44.63 £892.60/L,https://www.idealo.co.uk/relocator/relocate?categoryId=3972&offerKey=878c62bb3ba8c655199d22d132325736&offerListId=3906440-D69B02DAF3A1695D92B54C43B97DF1AF&pos=11&price=44.63&productid=3906440&sid=324015&type=offer
01-EL-PC-PS50,ESTEE LAUDER PRIVATE COLLECTION EDP-S 50ML,27131019817.0,1000+,70.0,23.95,,,0.0,878498.0,Amazon-marketplace.co.uk,£36.19 £723.80/L,https://www.idealo.co.uk/relocator/relocate?categoryId=3972&offerKey=a952b8572239ace95a0f838c12944c9e&offerListId=878498-ECB5DE3A787E4535F00E01099EDBF75A&pos=1&price=36.19&productid=878498&sid=22828&type=offer
01-EL-PC-PS50,ESTEE LAUDER PRIVATE COLLECTION EDP-S 50ML,27131019817.0,1000+,70.0,23.95,,,0.0,878498.0,Perfumeclick.co.uk,£36.60 £732.00/L,https://www.idealo.co.uk/relocator/relocate?categoryId=3972&offerKey=a49c064fe2547d40e0aa8ab66048bda7&offerListId=878498-ECB5DE3A787E4535F00E01099EDBF75A&pos=2&price=36.60&productid=878498&sid=69736&type=offer
01-EL-PC-PS50,ESTEE LAUDER PRIVATE COLLECTION EDP-S 50ML,27131019817.0,1000+,70.0,23.95,,,0.0,878498.0,cosmetify.com,£38.43 £768.60/L,https://www.idealo.co.uk/relocator/relocate?categoryId=3972&offerKey=bcaf534e7ccef85fc18bf4c3dc59e6c8&offerListId=878498-ECB5DE3A787E4535F00E01099EDBF75A&pos=3&price=38.43&productid=878498&sid=329503&type=offer
01-EL-PC-PS50,ESTEE LAUDER PRIVATE COLLECTION EDP-S 50ML,27131019817.0,1000+,70.0,23.95,,,0.0,878498.0,onbuy.com,£43.52 £870.40/L,https://www.idealo.co.uk/relocator/relocate?categoryId=3972&offerKey=ca5a00fc6cfde94d81bb114f04631312&offerListId=878498-ECB5DE3A787E4535F00E01099EDBF75A&pos=4&price=43.52&productid=878498&sid=316895&type=offer
01-EL-PLSI-PS100,ESTEE LAUDER PLEASURES INTENSE EDP-S 100ML,27131286905.0,1000+,80.0,22.5,,,0.0,604616.0,Clearchemist.co.uk,£34.60 £346.00/L,https://www.idealo.co.uk/relocator/relocate?categoryId=3972&offerKey=53f56bf6575dd607b1021f0e6d5ff719&offerListId=604616-698D6FB4C74A3BDA580A0A36ECA38C26&pos=1&price=34.60&productid=604616&sid=289670&type=offer
01-EL-PLSI-PS100,ESTEE LAUDER PLEASURES INTENSE EDP-S 100ML,27131286905.0,1000+,80.0,22.5,,,0.0,604616.0,Perfumeclick.co.uk,£35.75 £357.50/L,https://www.idealo.co.uk/relocator/relocate?categoryId=3972&offerKey=5a59acd75b6eebe73f2fd8f0821f8a5e&offerListId=604616-698D6FB4C74A3BDA580A0A36ECA38C26&pos=2&price=35.75&productid=604616&sid=69736&type=offer
01-EL-PLSI-PS100,ESTEE LAUDER PLEASURES INTENSE EDP-S 100ML,27131286905.0,1000+,80.0,22.5,,,0.0,604616.0,cosmetify.com,£37.54 £375.40/L,https://www.idealo.co.uk/relocator/relocate?categoryId=3972&offerKey=2a54082f23d48b1e01ef0003e9286b15&offerListId=604616-698D6FB4C74A3BDA580A0A36ECA38C26&pos=3&price=37.54&productid=604616&sid=329503&type=offer
01-EL-PLSI-PS100,ESTEE LAUDER PLEASURES INTENSE EDP-S 100ML,27131286905.0,1000+,80.0,22.5,,,0.0,604616.0,ebay.co.uk,£38.48 £384.80/L,https://www.idealo.co.uk/relocator/relocate?categoryId=3972&offerKey=8b6906792d6459536f82e076febc1abd&offerListId=604616-698D6FB4C74A3BDA580A0A36ECA38C26&pos=4&price=38.48&productid=604616&sid=22818&type=offer
01-EL-PLSI-PS100,ESTEE LAUDER PLEASURES INTENSE EDP-S 100ML,27131286905.0,1000+,80.0,22.5,,,0.0,604616.0,onbuy.com,£38.91 £389.10/L,https://www.idealo.co.uk/relocator/relocate?categoryId=3972&offerKey=00a32397cda8d4f4f8597d05c3429875&offerListId=604616-698D6FB4C74A3BDA580A0A36ECA38C26&pos=5&price=38.91&productid=604616&sid=316895&type=offer
01-EL-PLSI-PS100,ESTEE LAUDER PLEASURES INTENSE EDP-S 100ML,27131286905.0,1000+,80.0,22.5,,,0.0,604616.0,secretsales.com (UK),£43.23 £432.30/L,https://www.idealo.co.uk/relocator/relocate?categoryId=3972&offerKey=c31db17790b47fd5792f67f9756ccccc&offerListId=604616-698D6FB4C74A3BDA580A0A36ECA38C26&pos=6&price=43.23&productid=604616&sid=324015&type=offer
01-EL-PLSI-PS100,ESTEE LAUDER PLEASURES INTENSE EDP-S 100ML,27131286905.0,1000+,80.0,22.5,,,0.0,604616.0,Amazon-marketplace.co.uk,£43.97 £439.70/L,https://www.idealo.co.uk/relocator/relocate?categoryId=3972&offerKey=df355dfc80a27f9c86332c05df935f1c&offerListId=604616-698D6FB4C74A3BDA580A0A36ECA38C26&pos=7&price=43.97&productid=604616&sid=22828&type=offer
01-EL-PLSI-PS100,ESTEE LAUDER PLEASURES INTENSE EDP-S 100ML,27131286905.0,1000+,80.0,22.5,,,0.0,604616.0,allbeauty.com(UK),£45.55 £455.50/L,https://www.idealo.co.uk/relocator/relocate?categoryId=3972&offerKey=c5b9614876e31ed35b5be1ce698d3429&offerListId=604616-698D6FB4C74A3BDA580A0A36ECA38C26&pos=8&price=45.55&productid=604616&sid=28942&type=offer
01-EL-PLSI-PS100,ESTEE LAUDER PLEASURES INTENSE EDP-S 100ML,27131286905.0,1000+,80.0,22.5,,,0.0,604616.0,unineed.com,£53.99 £539.90/L,https://www.idealo.co.uk/relocator/relocate?categoryId=3972&offerKey=dfb3dc5a389f6b4d5e43b4db81eb56d5&offerListId=604616-698D6FB4C74A3BDA580A0A36ECA38C26&pos=9&price=53.99&productid=604616&sid=314440&type=offer
01-EL-PLSI-PS100,ESTEE LAUDER PLEASURES INTENSE EDP-S 100ML,27131286905.0,1000+,80.0,22.5,,,0.0,604616.0,Scentsationalperfumes.com,£54.50 £545.00/L,https://www.idealo.co.uk/relocator/relocate?categoryId=3972&offerKey=6079a243facbe63521c02957adfa4c0b&offerListId=604616-698D6FB4C74A3BDA580A0A36ECA38C26&pos=10&price=54.50&productid=604616&sid=282041&type=offer
01-EL-PLSI-PS100,ESTEE LAUDER PLEASURES INTENSE EDP-S 100ML,27131286905.0,1000+,80.0,22.5,,,0.0,604616.0,onbuy.com,£54.57 £545.70/L,https://www.idealo.co.uk/relocator/relocate?categoryId=3972&offerKey=3107fa3af9dc81f83b3530367d8acd13&offerListId=604616-698D6FB4C74A3BDA580A0A36ECA38C26&pos=11&price=54.57&productid=604616&sid=316895&type=offer
01-EL-PLSI-PS100,ESTEE LAUDER PLEASURES INTENSE EDP-S 100ML,27131286905.0,1000+,80.0,22.5,,,0.0,604616.0,Dressinn.com (UK),£57.49 £574.90/L,https://www.idealo.co.uk/relocator/relocate?categoryId=3972&offerKey=c07f0052b18d5b5a2c309ff111ff310a&offerListId=604616-698D6FB4C74A3BDA580A0A36ECA38C26&pos=12&price=57.49&productid=604616&sid=318629&type=offer
01-EL-PLSI-PS100,ESTEE LAUDER PLEASURES INTENSE EDP-S 100ML,27131286905.0,1000+,80.0,22.5,,,0.0,604616.0,my-origines.com(UK),£63.83 £638.30/L,https://www.idealo.co.uk/relocator/relocate?categoryId=3972&offerKey=bd2d8d4a2f7426f5aa76f25b4c251ab5&offerListId=604616-698D6FB4C74A3BDA580A0A36ECA38C26&pos=13&price=63.83&productid=604616&sid=328503&type=offer
01-EL-PLSI-PS100,ESTEE LAUDER PLEASURES INTENSE EDP-S 100ML,27131286905.0,1000+,80.0,22.5,,,0.0,604616.0,JDwilliams.co.uk,£70.00 £700.00/L,https://www.idealo.co.uk/relocator/relocate?categoryId=3972&offerKey=766cad15570c3bced3b7396777ee5178&offerListId=604616-698D6FB4C74A3BDA580A0A36ECA38C26&pos=14&price=70.00&productid=604616&sid=273150&type=offer
01-EL-PLSI-PS100,ESTEE LAUDER PLEASURES INTENSE EDP-S 100ML,27131286905.0,1000+,80.0,22.5,,,0.0,604616.0,freemans.com (UK),£80.00 £800.00/L,https://www.idealo.co.uk/relocator/relocate?categoryId=3972&offerKey=2f50ab73bc123d81fc1662aba2732e82&offerListId=604616-698D6FB4C74A3BDA580A0A36ECA38C26&pos=15&price=80.00&productid=604616&sid=320471&type=offer
01-EL-PLSI-PS100,ESTEE LAUDER PLEASURES INTENSE EDP-S 100ML,27131286905.0,1000+,80.0,22.5,,,0.0,604616.0,cazaar.co.uk,£81.70 £817.00/L,https://www.idealo.co.uk/relocator/relocate?categoryId=3972&offerKey=050e193180786f56d7688af1daa74162&offerListId=604616-698D6FB4C74A3BDA580A0A36ECA38C26&pos=16&price=81.70&productid=604616&sid=331015&type=offer
01-EL-PLSI-PS100,ESTEE LAUDER PLEASURES INTENSE EDP-S 100ML,27131286905.0,1000+,80.0,22.5,,,0.0,604616.0,Luxplus.co.uk,£93.99 £939.90/L,https://www.idealo.co.uk/relocator/relocate?categoryId=3972&offerKey=fb5ea6ca8ae139e7fa3e9e8c41c6c89f&offerListId=604616-698D6FB4C74A3BDA580A0A36ECA38C26&pos=17&price=93.99&productid=604616&sid=322970&type=offer
01-EL-PLS-PS100,ESTEE LAUDER PLEASURES EDP-S 100ML,27131043317.0,829,80.0,21.95,,,0.0,590498.0,ebay.co.uk,£28.99 £289.90/L,https://www.idealo.co.uk/relocator/relocate?categoryId=3972&offerKey=d66f0a0b54c375d28b135ca91d158bce&offerListId=590498-6D5142DF4D9B3C63A2CDBCFD17923637&pos=1&price=28.99&productid=590498&sid=22818&type=offer
01-EL-PLS-PS100,ESTEE LAUDER PLEASURES EDP-S 100ML,27131043317.0,829,80.0,21.95,,,0.0,590498.0,Clearchemist.co.uk,£30.60 £306.00/L,https://www.idealo.co.uk/relocator/relocate?categoryId=3972&offerKey=4dc7755fedcf4fb88f7c73ef883a456f&offerListId=590498-6D5142DF4D9B3C63A2CDBCFD17923637&pos=2&price=30.60&productid=590498&sid=289670&type=offer
01-EL-PLS-PS100,ESTEE LAUDER PLEASURES EDP-S 100ML,27131043317.0,829,80.0,21.95,,,0.0,590498.0,cosmetify.com,£33.99 £339.90/L,https://www.idealo.co.uk/relocator/relocate?categoryId=3972&offerKey=7ea8ddeb7d427273cef56e018c92b6b2&offerListId=590498-6D5142DF4D9B3C63A2CDBCFD17923637&pos=3&price=33.99&productid=590498&sid=329503&type=offer
01-EL-PLS-PS100,ESTEE LAUDER PLEASURES EDP-S 100ML,27131043317.0,829,80.0,21.95,,,0.0,590498.0,perfumedirect.com,£33.99 £339.90/L,https://www.idealo.co.uk/relocator/relocate?categoryId=3972&offerKey=b9280212f8d7a02566fd26380cff9cf8&offerListId=590498-6D5142DF4D9B3C63A2CDBCFD17923637&pos=4&price=33.99&productid=590498&sid=318630&type=offer
01-EL-PLS-PS100,ESTEE LAUDER PLEASURES EDP-S 100ML,27131043317.0,829,80.0,21.95,,,0.0,590498.0,amazon.co.uk,£36.90 £369.00/L,https://www.idealo.co.uk/relocator/relocate?categoryId=3972&offerKey=48bcd87a79c362c47983b72fd73db1d4&offerListId=590498-6D5142DF4D9B3C63A2CDBCFD17923637&pos=5&price=36.90&productid=590498&sid=12004&type=offer
01-EL-PLS-PS100,ESTEE LAUDER PLEASURES EDP-S 100ML,27131043317.0,829,80.0,21.95,,,0.0,590498.0,Amazon-marketplace.co.uk,£36.90 £369.00/L,https://www.idealo.co.uk/relocator/relocate?categoryId=3972&offerKey=de5ec41347ac1290c10a3b275e65cfc1&offerListId=590498-6D5142DF4D9B3C63A2CDBCFD17923637&pos=6&price=36.90&productid=590498&sid=22828&type=offer
01-EL-PLS-PS100,ESTEE LAUDER PLEASURES EDP-S 100ML,27131043317.0,829,80.0,21.95,,,0.0,590498.0,allbeauty.com(UK),£36.90 £369.00/L,https://www.idealo.co.uk/relocator/relocate?categoryId=3972&offerKey=ad8739e1ef0b1f0df2a8655eb9528dea&offerListId=590498-6D5142DF4D9B3C63A2CDBCFD17923637&pos=7&price=36.90&productid=590498&sid=28942&type=offer
01-EL-PLS-PS100,ESTEE LAUDER PLEASURES EDP-S 100ML,27131043317.0,829,80.0,21.95,,,0.0,590498.0,secretsales.com (UK),£37.80 £378.00/L,https://www.idealo.co.uk/relocator/relocate?categoryId=3972&offerKey=8f799c8e122ca6e8f9fc26f80cdb5591&offerListId=590498-6D5142DF4D9B3C63A2CDBCFD17923637&pos=8&price=37.80&productid=590498&sid=324015&type=offer
01-EL-PLS-PS100,ESTEE LAUDER PLEASURES EDP-S 100ML,27131043317.0,829,80.0,21.95,,,0.0,590498.0,Perfumeclick.co.uk,£39.60 £396.00/L,https://www.idealo.co.uk/relocator/relocate?categoryId=3972&offerKey=4fc24fa7fe181fd8abd312b974774a0f&offerListId=590498-6D5142DF4D9B3C63A2CDBCFD17923637&pos=9&price=39.60&productid=590498&sid=69736&type=offer
01-EL-PLS-PS100,ESTEE LAUDER PLEASURES EDP-S 100ML,27131043317.0,829,80.0,21.95,,,0.0,590498.0,onbuy.com,£42.82 £428.20/L,https://www.idealo.co.uk/relocator/relocate?categoryId=3972&offerKey=9e71220d3cb88552cccb3a5a75541be1&offerListId=590498-6D5142DF4D9B3C63A2CDBCFD17923637&pos=10&price=42.82&productid=590498&sid=316895&type=offer
01-EL-PLS-PS100,ESTEE LAUDER PLEASURES EDP-S 100ML,27131043317.0,829,80.0,21.95,,,0.0,590498.0,groupon.co.uk,£43.90 £439.00/L,https://www.idealo.co.uk/relocator/relocate?categoryId=3972&offerKey=fd9526c92c9e5571f97d9ae0fbbd918d&offerListId=590498-6D5142DF4D9B3C63A2CDBCFD17923637&pos=11&price=43.90&productid=590498&sid=313205&type=offer
01-EL-PLS-PS100,ESTEE LAUDER PLEASURES EDP-S 100ML,27131043317.0,829,80.0,21.95,,,0.0,590498.0,unineed.com,£50.99 £509.90/L,https://www.idealo.co.uk/relocator/relocate?categoryId=3972&offerKey=c03a4db9e1df783d476d20998d020a30&offerListId=590498-6D5142DF4D9B3C63A2CDBCFD17923637&pos=12&price=50.99&productid=590498&sid=314440&type=offer
01-EL-PLS-PS100,ESTEE LAUDER PLEASURES EDP-S 100ML,27131043317.0,829,80.0,21.95,,,0.0,590498.0,Dressinn.com (UK),£51.99 £519.90/L,https://www.idealo.co.uk/relocator/relocate?categoryId=3972&offerKey=e61ab9d86b195d3a0bc49d398c6c46da&offerListId=590498-6D5142DF4D9B3C63A2CDBCFD17923637&pos=13&price=51.99&productid=590498&sid=318629&type=offer
01-EL-PLS-PS100,ESTEE LAUDER PLEASURES EDP-S 100ML,27131043317.0,829,80.0,21.95,,,0.0,590498.0,onbuy.com,£52.15 £521.50/L,https://www.idealo.co.uk/relocator/relocate?categoryId=3972&offerKey=b54c7f60657c7b41ecc122db64448848&offerListId=590498-6D5142DF4D9B3C63A2CDBCFD17923637&pos=14&price=52.15&productid=590498&sid=316895&type=offer
01-EL-PLS-PS100,ESTEE LAUDER PLEASURES EDP-S 100ML,27131043317.0,829,80.0,21.95,,,0.0,590498.0,Scentsationalperfumes.com,£58.50 £585.00/L,https://www.idealo.co.uk/relocator/relocate?categoryId=3972&offerKey=88e555a6f5a829b6a1ba691d74cf82e6&offerListId=590498-6D5142DF4D9B3C63A2CDBCFD17923637&pos=15&price=58.50&productid=590498&sid=282041&type=offer
01-EL-PLS-PS100,ESTEE LAUDER PLEASURES EDP-S 100ML,27131043317.0,829,80.0,21.95,,,0.0,590498.0,onbuy.com,£63.31 £633.10/L,https://www.idealo.co.uk/relocator/relocate?categoryId=3972&offerKey=d3c5a3bf1ff035f7d4e0bde3ae352cef&offerListId=590498-6D5142DF4D9B3C63A2CDBCFD17923637&pos=16&price=63.31&productid=590498&sid=316895&type=offer
01-EL-PLS-PS100,ESTEE LAUDER PLEASURES EDP-S 100ML,27131043317.0,829,80.0,21.95,,,0.0,590498.0,my-origines.com(UK),£65.49 £654.90/L,https://www.idealo.co.uk/relocator/relocate?categoryId=3972&offerKey=fb5025c49f9a3cb1d072721b86cb84c8&offerListId=590498-6D5142DF4D9B3C63A2CDBCFD17923637&pos=17&price=65.49&productid=590498&sid=328503&type=offer
01-EL-PLS-PS100,ESTEE LAUDER PLEASURES EDP-S 100ML,27131043317.0,829,80.0,21.95,,,0.0,590498.0,,£71.23 £712.30/L,https://www.idealo.co.uk/relocator/relocate?categoryId=3972&offerKey=c0f0cc2d73b94a50afaed69aae2d9164&offerListId=590498-6D5142DF4D9B3C63A2CDBCFD17923637&pos=18&price=71.23&productid=590498&sid=307734&type=offer
01-EL-PLS-PS100,ESTEE LAUDER PLEASURES EDP-S 100ML,27131043317.0,829,80.0,21.95,,,0.0,590498.0,Expresschemist.co.uk,£74.00 £740.00/L,https://www.idealo.co.uk/relocator/relocate?categoryId=3972&offerKey=aca3b9e11a6ab5d7da3edde594d4c98b&offerListId=590498-6D5142DF4D9B3C63A2CDBCFD17923637&pos=19&price=74.00&productid=590498&sid=22167&type=offer
01-EL-PLS-PS100,ESTEE LAUDER PLEASURES EDP-S 100ML,27131043317.0,829,80.0,21.95,,,0.0,590498.0,argos.co.uk,£80.00 £800.00/L,https://www.idealo.co.uk/relocator/relocate?categoryId=3972&offerKey=b163a114262917ee3dc646b73d8d89d5&offerListId=590498-6D5142DF4D9B3C63A2CDBCFD17923637&pos=20&price=80.00&productid=590498&sid=320560&type=offer
01-EL-PLS-PS30,ESTEE LAUDER PLEASURES EDP-S 30ML,27131043287.0,1000+,55.0,9.5,,,0.0,590494.0,Clearchemist.co.uk,£12.94 £431.33/L,https://www.idealo.co.uk/relocator/relocate?categoryId=3972&offerKey=9f339b40b2ba5af9b3d81fc3bd15b406&offerListId=590494-F75C7BED7813AF8D91441331E06FD7D1&pos=1&price=12.94&productid=590494&sid=289670&type=offer
01-EL-PLS-PS30,ESTEE LAUDER PLEASURES EDP-S 30ML,27131043287.0,1000+,55.0,9.5,,,0.0,590494.0,Perfumeclick.co.uk,£16.00 £533.33/L,https://www.idealo.co.uk/relocator/relocate?categoryId=3972&offerKey=7807458803cba3126315290b7aaa43ff&offerListId=590494-F75C7BED7813AF8D91441331E06FD7D1&pos=2&price=16.00&productid=590494&sid=69736&type=offer
01-EL-PLS-PS30,ESTEE LAUDER PLEASURES EDP-S 30ML,27131043287.0,1000+,55.0,9.5,,,0.0,590494.0,cosmetify.com,£16.80 £560.00/L,https://www.idealo.co.uk/relocator/relocate?categoryId=3972&offerKey=293e5e4f03a45f2e34416a85f70db494&offerListId=590494-F75C7BED7813AF8D91441331E06FD7D1&pos=3&price=16.80&productid=590494&sid=329503&type=offer
01-EL-PLS-PS30,ESTEE LAUDER PLEASURES EDP-S 30ML,27131043287.0,1000+,55.0,9.5,,,0.0,590494.0,perfumedirect.com,£17.99 £599.67/L,https://www.idealo.co.uk/relocator/relocate?categoryId=3972&offerKey=9adb57ef2dd096b23c5263130f510265&offerListId=590494-F75C7BED7813AF8D91441331E06FD7D1&pos=4&price=17.99&productid=590494&sid=318630&type=offer
01-EL-PLS-PS30,ESTEE LAUDER PLEASURES EDP-S 30ML,27131043287.0,1000+,55.0,9.5,,,0.0,590494.0,secretsales.com (UK),£18.70 £623.33/L,https://www.idealo.co.uk/relocator/relocate?categoryId=3972&offerKey=44a1dac03ac021705494897de6aae4bb&offerListId=590494-F75C7BED7813AF8D91441331E06FD7D1&pos=5&price=18.70&productid=590494&sid=324015&type=offer
01-EL-PLS-PS30,ESTEE LAUDER PLEASURES EDP-S 30ML,27131043287.0,1000+,55.0,9.5,,,0.0,590494.0,Amazon-marketplace.co.uk,£18.94 £631.33/L,https://www.idealo.co.uk/relocator/relocate?categoryId=3972&offerKey=817703587dce954d9cba68069c91987b&offerListId=590494-F75C7BED7813AF8D91441331E06FD7D1&pos=6&price=18.94&productid=590494&sid=22828&type=offer
01-EL-PLS-PS30,ESTEE LAUDER PLEASURES EDP-S 30ML,27131043287.0,1000+,55.0,9.5,,,0.0,590494.0,amazon.co.uk,£18.95 £631.67/L,https://www.idealo.co.uk/relocator/relocate?categoryId=3972&offerKey=0d7d50f70d13893b4ebaebc57bef3df0&offerListId=590494-F75C7BED7813AF8D91441331E06FD7D1&pos=7&price=18.95&productid=590494&sid=12004&type=offer
01-EL-PLS-PS30,ESTEE LAUDER PLEASURES EDP-S 30ML,27131043287.0,1000+,55.0,9.5,,,0.0,590494.0,allbeauty.com(UK),£18.95 £631.67/L,https://www.idealo.co.uk/relocator/relocate?categoryId=3972&offerKey=8a617f8a86c3ad9a93df4ee2e144f8cb&offerListId=590494-F75C7BED7813AF8D91441331E06FD7D1&pos=8&price=18.95&productid=590494&sid=28942&type=offer
01-EL-PLS-PS30,ESTEE LAUDER PLEASURES EDP-S 30ML,27131043287.0,1000+,55.0,9.5,,,0.0,590494.0,ebay.co.uk,£19.57 £652.33/L,https://www.idealo.co.uk/relocator/relocate?categoryId=3972&offerKey=c0212266cbd34a88bf917a0a11088e7c&offerListId=590494-F75C7BED7813AF8D91441331E06FD7D1&pos=9&price=19.57&productid=590494&sid=22818&type=offer
01-EL-PLS-PS30,ESTEE LAUDER PLEASURES EDP-S 30ML,27131043287.0,1000+,55.0,9.5,,,0.0,590494.0,onbuy.com,£20.73 £691.00/L,https://www.idealo.co.uk/relocator/relocate?categoryId=3972&offerKey=40725e145dea2c4220b596a2444e033a&offerListId=590494-F75C7BED7813AF8D91441331E06FD7D1&pos=10&price=20.73&productid=590494&sid=316895&type=offer
01-EL-PLS-PS30,ESTEE LAUDER PLEASURES EDP-S 30ML,27131043287.0,1000+,55.0,9.5,,,0.0,590494.0,beautybase.com(UK),£24.95 £831.67/L,https://www.idealo.co.uk/relocator/relocate?categoryId=3972&offerKey=df74ae5b33af0139ca5913424a4cd843&offerListId=590494-F75C7BED7813AF8D91441331E06FD7D1&pos=11&price=24.95&productid=590494&sid=299115&type=offer
01-EL-PLS-PS30,ESTEE LAUDER PLEASURES EDP-S 30ML,27131043287.0,1000+,55.0,9.5,,,0.0,590494.0,bodycareonline.co.uk,£24.99 £833.00/L,https://www.idealo.co.uk/relocator/relocate?categoryId=3972&offerKey=eae380016b5e10d5d7bfa8c437fcf9d2&offerListId=590494-F75C7BED7813AF8D91441331E06FD7D1&pos=12&price=24.99&productid=590494&sid=332851&type=offer
01-EL-PLS-PS30,ESTEE LAUDER PLEASURES EDP-S 30ML,27131043287.0,1000+,55.0,9.5,,,0.0,590494.0,Dressinn.com (UK),£24.99 £833.00/L,https://www.idealo.co.uk/relocator/relocate?categoryId=3972&offerKey=a001cefe3f1e02234aec25ba695c2bcb&offerListId=590494-F75C7BED7813AF8D91441331E06FD7D1&pos=13&price=24.99&productid=590494&sid=318629&type=offer
01-EL-PLS-PS30,ESTEE LAUDER PLEASURES EDP-S 30ML,27131043287.0,1000+,55.0,9.5,,,0.0,590494.0,onbuy.com,£28.93 £964.33/L,https://www.idealo.co.uk/relocator/relocate?categoryId=3972&offerKey=62756fed44cae7080c6c9ede64987f9d&offerListId=590494-F75C7BED7813AF8D91441331E06FD7D1&pos=14&price=28.93&productid=590494&sid=316895&type=offer
01-EL-PLS-PS50,ESTEE LAUDER PLEASURES EDP-S 50ML,27131043294.0,1000+,70.0,12.5,,,0.0,590497.0,Clearchemist.co.uk,£18.80 £376.00/L,https://www.idealo.co.uk/relocator/relocate?categoryId=3972&offerKey=1cce056a4f7ef9af9d544755d34c89a5&offerListId=590497-241EC4F0F45207D440C89D0EE591B235&pos=1&price=18.80&productid=590497&sid=289670&type=offer
01-EL-PLS-PS50,ESTEE LAUDER PLEASURES EDP-S 50ML,27131043294.0,1000+,70.0,12.5,,,0.0,590497.0,Perfumeclick.co.uk,£21.00 £420.00/L,https://www.idealo.co.uk/relocator/relocate?categoryId=3972&offerKey=0d4a9b13b8904c1d109932bd3727c2e9&offerListId=590497-241EC4F0F45207D440C89D0EE591B235&pos=2&price=21.00&productid=590497&sid=69736&type=offer
01-EL-PLS-PS50,ESTEE LAUDER PLEASURES EDP-S 50ML,27131043294.0,1000+,70.0,12.5,,,0.0,590497.0,ebay.co.uk,£21.54 £430.80/L,https://www.idealo.co.uk/relocator/relocate?categoryId=3972&offerKey=8178b937126c08d3a8178b4e69c3702e&offerListId=590497-241EC4F0F45207D440C89D0EE591B235&pos=3&price=21.54&productid=590497&sid=22818&type=offer
01-EL-PLS-PS50,ESTEE LAUDER PLEASURES EDP-S 50ML,27131043294.0,1000+,70.0,12.5,,,0.0,590497.0,Amazon-marketplace.co.uk,£21.99 £439.80/L,https://www.idealo.co.uk/relocator/relocate?categoryId=3972&offerKey=30cbe22cc14418943aa30eaa288931a7&offerListId=590497-241EC4F0F45207D440C89D0EE591B235&pos=4&price=21.99&productid=590497&sid=22828&type=offer
01-EL-PLS-PS50,ESTEE LAUDER PLEASURES EDP-S 50ML,27131043294.0,1000+,70.0,12.5,,,0.0,590497.0,cosmetify.com,£21.99 £439.80/L,https://www.idealo.co.uk/relocator/relocate?categoryId=3972&offerKey=305806d0b31a925366b936b1e5201c34&offerListId=590497-241EC4F0F45207D440C89D0EE591B235&pos=5&price=21.99&productid=590497&sid=329503&type=offer
01-EL-PLS-PS50,ESTEE LAUDER PLEASURES EDP-S 50ML,27131043294.0,1000+,70.0,12.5,,,0.0,590497.0,perfumedirect.com,£21.99 £439.80/L,https://www.idealo.co.uk/relocator/relocate?categoryId=3972&offerKey=828b91c58de1f189a2fd9d67c0a3a81a&offerListId=590497-241EC4F0F45207D440C89D0EE591B235&pos=6&price=21.99&productid=590497&sid=318630&type=offer
01-EL-PLS-PS50,ESTEE LAUDER PLEASURES EDP-S 50ML,27131043294.0,1000+,70.0,12.5,,,0.0,590497.0,allbeauty.com(UK),£24.95 £499.00/L,https://www.idealo.co.uk/relocator/relocate?categoryId=3972&offerKey=8ddf50cacd2aeb35c7e688454dc62c57&offerListId=590497-241EC4F0F45207D440C89D0EE591B235&pos=7&price=24.95&productid=590497&sid=28942&type=offer
01-EL-PLS-PS50,ESTEE LAUDER PLEASURES EDP-S 50ML,27131043294.0,1000+,70.0,12.5,,,0.0,590497.0,secretsales.com (UK),£25.51 £510.20/L,https://www.idealo.co.uk/relocator/relocate?categoryId=3972&offerKey=5f7527dd8b9598ecae5227e2a259ee9e&offerListId=590497-241EC4F0F45207D440C89D0EE591B235&pos=8&price=25.51&productid=590497&sid=324015&type=offer
01-EL-PLS-PS50,ESTEE LAUDER PLEASURES EDP-S 50ML,27131043294.0,1000+,70.0,12.5,,,0.0,590497.0,Tjhughes.co.uk,£26.00 £520.00/L,https://www.idealo.co.uk/relocator/relocate?categoryId=3972&offerKey=abefb633a8742e269ebbd2a53e8be79b&offerListId=590497-241EC4F0F45207D440C89D0EE591B235&pos=9&price=26.00&productid=590497&sid=28759&type=offer
01-EL-PLS-PS50,ESTEE LAUDER PLEASURES EDP-S 50ML,27131043294.0,1000+,70.0,12.5,,,0.0,590497.0,onbuy.com,£26.99 £539.80/L,https://www.idealo.co.uk/relocator/relocate?categoryId=3972&offerKey=6dd21b50ce1ba43270b247160fa137c0&offerListId=590497-241EC4F0F45207D440C89D0EE591B235&pos=10&price=26.99&productid=590497&sid=316895&type=offer
01-EL-PLS-PS50,ESTEE LAUDER PLEASURES EDP-S 50ML,27131043294.0,1000+,70.0,12.5,,,0.0,590497.0,onbuy.com,£27.98 £559.60/L,https://www.idealo.co.uk/relocator/relocate?categoryId=3972&offerKey=29a4d7a0ff131431e07ea18eb8164248&offerListId=590497-241EC4F0F45207D440C89D0EE591B235&pos=11&price=27.98&productid=590497&sid=316895&type=offer
01-EL-PLS-PS50,ESTEE LAUDER PLEASURES EDP-S 50ML,27131043294.0,1000+,70.0,12.5,,,0.0,590497.0,beautybase.com(UK),£33.00 £660.00/L,https://www.idealo.co.uk/relocator/relocate?categoryId=3972&offerKey=4c7e67dfa648189693f2baf33b201db3&offerListId=590497-241EC4F0F45207D440C89D0EE591B235&pos=12&price=33.00&productid=590497&sid=299115&type=offer
01-EL-PLS-PS50,ESTEE LAUDER PLEASURES EDP-S 50ML,27131043294.0,1000+,70.0,12.5,,,0.0,590497.0,perfumeprice.co.uk,£34.95 £699.00/L,https://www.idealo.co.uk/relocator/relocate?categoryId=3972&offerKey=44c7e5520f7883f7d247cf133ed1b077&offerListId=590497-241EC4F0F45207D440C89D0EE591B235&pos=13&price=34.95&productid=590497&sid=321700&type=offer
01-EL-PLS-PS50,ESTEE LAUDER PLEASURES EDP-S 50ML,27131043294.0,1000+,70.0,12.5,,,0.0,590497.0,bodycareonline.co.uk,£34.99 £699.80/L,https://www.idealo.co.uk/relocator/relocate?categoryId=3972&offerKey=60be3b27ae9b0215d73c3e16712d7faf&offerListId=590497-241EC4F0F45207D440C89D0EE591B235&pos=14&price=34.99&productid=590497&sid=332851&type=offer
01-EL-PLS-PS50,ESTEE LAUDER PLEASURES EDP-S 50ML,27131043294.0,1000+,70.0,12.5,,,0.0,590497.0,unineed.com,£37.99 £759.80/L,https://www.idealo.co.uk/relocator/relocate?categoryId=3972&offerKey=55196b4c3d071f4e305217c581720ad5&offerListId=590497-241EC4F0F45207D440C89D0EE591B235&pos=15&price=37.99&productid=590497&sid=314440&type=offer
01-EL-PLS-PS50,ESTEE LAUDER PLEASURES EDP-S 50ML,27131043294.0,1000+,70.0,12.5,,,0.0,590497.0,amazon.co.uk,£39.75 £795.00/L,https://www.idealo.co.uk/relocator/relocate?categoryId=3972&offerKey=322c118bfef55c760573c656f75c7a0e&offerListId=590497-241EC4F0F45207D440C89D0EE591B235&pos=16&price=39.75&productid=590497&sid=12004&type=offer
01-EL-PLS-PS50,ESTEE LAUDER PLEASURES EDP-S 50ML,27131043294.0,1000+,70.0,12.5,,,0.0,590497.0,Robertdyas.co.uk,£40.99 £819.80/L,https://www.idealo.co.uk/relocator/relocate?categoryId=3972&offerKey=764092b8c9a8672a911f2e4c72f332eb&offerListId=590497-241EC4F0F45207D440C89D0EE591B235&pos=17&price=40.99&productid=590497&sid=22151&type=offer
01-EL-PLS-PS50,ESTEE LAUDER PLEASURES EDP-S 50ML,27131043294.0,1000+,70.0,12.5,,,0.0,590497.0,Dressinn.com (UK),£41.99 £839.80/L,https://www.idealo.co.uk/relocator/relocate?categoryId=3972&offerKey=4c92d0a9df0869d84dd4f6007ed11da2&offerListId=590497-241EC4F0F45207D440C89D0EE591B235&pos=18&price=41.99&productid=590497&sid=318629&type=offer
01-EL-PLS-PS50,ESTEE LAUDER PLEASURES EDP-S 50ML,27131043294.0,1000+,70.0,12.5,,,0.0,590497.0,Scentsationalperfumes.com,£42.50 £850.00/L,https://www.idealo.co.uk/relocator/relocate?categoryId=3972&offerKey=96d1760ce9419c47b0b8b0ba420e696c&offerListId=590497-241EC4F0F45207D440C89D0EE591B235&pos=19&price=42.50&productid=590497&sid=282041&type=offer
01-EL-PLS-PS50,ESTEE LAUDER PLEASURES EDP-S 50ML,27131043294.0,1000+,70.0,12.5,,,0.0,590497.0,salontotal.co.uk,£43.55 £871.00/L,https://www.idealo.co.uk/relocator/relocate?categoryId=3972&offerKey=6eba8756ebd4bbfc48c34afb76bb6cba&offerListId=590497-241EC4F0F45207D440C89D0EE591B235&pos=20&price=43.55&productid=590497&sid=324505&type=offer
01-EL-SB-PS50,ESTEE LAUDER SPELLBOUND EDP-S 50ML,887167095915.0,1000+,70.0,29.95,,,0.0,590511.0,cosmetify.com,£49.35 £987.00/L,https://www.idealo.co.uk/relocator/relocate?categoryId=3972&offerKey=c1acc4348e365701d4413532e291d0e6&offerListId=590511-2D05EB06646A59709EA3A07AED91EBE0&pos=1&price=49.35&productid=590511&sid=329503&type=offer
01-EL-SEN-PS50,ESTEE LAUDER SENSUOUS EDP-S 50ML,27131595045.0,1000+,70.0,15.5,,,0.0,1181716.0,ebay.co.uk,£23.71 £474.20/L,https://www.idealo.co.uk/relocator/relocate?categoryId=3972&offerKey=8c6c997d9a4c8087be695203299fea86&offerListId=1181716-CF4AAC5AA842E1F7BC3B198C9E83C6D2&pos=1&price=23.71&productid=1181716&sid=22818&type=offer
01-EL-SEN-PS50,ESTEE LAUDER SENSUOUS EDP-S 50ML,27131595045.0,1000+,70.0,15.5,,,0.0,1181716.0,Amazon-marketplace.co.uk,£24.12 £482.40/L,https://www.idealo.co.uk/relocator/relocate?categoryId=3972&offerKey=21564bf4cac5e5de5e144e549da96961&offerListId=1181716-CF4AAC5AA842E1F7BC3B198C9E83C6D2&pos=2&price=24.12&productid=1181716&sid=22828&type=offer
01-EL-SEN-PS50,ESTEE LAUDER SENSUOUS EDP-S 50ML,27131595045.0,1000+,70.0,15.5,,,0.0,1181716.0,Perfumeclick.co.uk,£25.85 £517.00/L,https://www.idealo.co.uk/relocator/relocate?categoryId=3972&offerKey=2b2a57cac65f00808f3b39304b93cea8&offerListId=1181716-CF4AAC5AA842E1F7BC3B198C9E83C6D2&pos=3&price=25.85&productid=1181716&sid=69736&type=offer
01-EL-SEN-PS50,ESTEE LAUDER SENSUOUS EDP-S 50ML,27131595045.0,1000+,70.0,15.5,,,0.0,1181716.0,onbuy.com,£26.95 £539.00/L,https://www.idealo.co.uk/relocator/relocate?categoryId=3972&offerKey=2bba72ecc4b41afe32fc207b2c5e1c2c&offerListId=1181716-CF4AAC5AA842E1F7BC3B198C9E83C6D2&pos=4&price=26.95&productid=1181716&sid=316895&type=offer
01-EL-SEN-PS50,ESTEE LAUDER SENSUOUS EDP-S 50ML,27131595045.0,1000+,70.0,15.5,,,0.0,1181716.0,cosmetify.com,£27.14 £542.80/L,https://www.idealo.co.uk/relocator/relocate?categoryId=3972&offerKey=8bb8247541dbc7c3de32e07343b33411&offerListId=1181716-CF4AAC5AA842E1F7BC3B198C9E83C6D2&pos=5&price=27.14&productid=1181716&sid=329503&type=offer
01-EL-SEN-PS50,ESTEE LAUDER SENSUOUS EDP-S 50ML,27131595045.0,1000+,70.0,15.5,,,0.0,1181716.0,amazon.co.uk,£29.95 £599.00/L,https://www.idealo.co.uk/relocator/relocate?categoryId=3972&offerKey=e0fd41ca9e93303ed66db45aec961e5d&offerListId=1181716-CF4AAC5AA842E1F7BC3B198C9E83C6D2&pos=6&price=29.95&productid=1181716&sid=12004&type=offer
01-EL-SEN-PS50,ESTEE LAUDER SENSUOUS EDP-S 50ML,27131595045.0,1000+,70.0,15.5,,,0.0,1181716.0,allbeauty.com(UK),£29.95 £599.00/L,https://www.idealo.co.uk/relocator/relocate?categoryId=3972&offerKey=6304a16e601644cc12f3693ebb117070&offerListId=1181716-CF4AAC5AA842E1F7BC3B198C9E83C6D2&pos=7&price=29.95&productid=1181716&sid=28942&type=offer
01-EL-SEN-PS50,ESTEE LAUDER SENSUOUS EDP-S 50ML,27131595045.0,1000+,70.0,15.5,,,0.0,1181716.0,perfumedirect.com,£29.99 £599.80/L,https://www.idealo.co.uk/relocator/relocate?categoryId=3972&offerKey=f30389e22c0becba00648e7dff3abef7&offerListId=1181716-CF4AAC5AA842E1F7BC3B198C9E83C6D2&pos=8&price=29.99&productid=1181716&sid=318630&type=offer
01-EL-SEN-PS50,ESTEE LAUDER SENSUOUS EDP-S 50ML,27131595045.0,1000+,70.0,15.5,,,0.0,1181716.0,perfumeprice.co.uk,£32.95 £659.00/L,https://www.idealo.co.uk/relocator/relocate?categoryId=3972&offerKey=19bf085d11d6f032f0436354cefdc4cb&offerListId=1181716-CF4AAC5AA842E1F7BC3B198C9E83C6D2&pos=9&price=32.95&productid=1181716&sid=321700&type=offer
01-EL-SEN-PS50,ESTEE LAUDER SENSUOUS EDP-S 50ML,27131595045.0,1000+,70.0,15.5,,,0.0,1181716.0,secretsales.com (UK),£38.24 £764.80/L,https://www.idealo.co.uk/relocator/relocate?categoryId=3972&offerKey=fb9fda0529d4fdcaf936a33934db4357&offerListId=1181716-CF4AAC5AA842E1F7BC3B198C9E83C6D2&pos=10&price=38.24&productid=1181716&sid=324015&type=offer
01-EL-SEN-PS50,ESTEE LAUDER SENSUOUS EDP-S 50ML,27131595045.0,1000+,70.0,15.5,,,0.0,1181716.0,Dressinn.com (UK),£46.99 £939.80/L,https://www.idealo.co.uk/relocator/relocate?categoryId=3972&offerKey=a3d3e942faef2ee841bad4a1445c5a6f&offerListId=1181716-CF4AAC5AA842E1F7BC3B198C9E83C6D2&pos=11&price=46.99&productid=1181716&sid=318629&type=offer
01-EL-YD-PS65,ESTEE LAUDER YOUTH DEW EDP-S 67ML,27131017752.0,1000+,60.0,11.5,,,0.0,102938.0,Clearchemist.co.uk,£16.85 £251.49/L,https://www.idealo.co.uk/relocator/relocate?categoryId=3972&offerKey=17667c0825ad99a7be773abd4eefc0ae&offerListId=102938-B845D20935B3C4422AE561F472A04E5F&pos=1&price=16.85&productid=102938&sid=289670&type=offer
01-EL-YD-PS65,ESTEE LAUDER YOUTH DEW EDP-S 67ML,27131017752.0,1000+,60.0,11.5,,,0.0,102938.0,onbuy.com,£17.99 £268.51/L,https://www.idealo.co.uk/relocator/relocate?categoryId=3972&offerKey=2adb630989bfd883ec3153384f7c12d8&offerListId=102938-B845D20935B3C4422AE561F472A04E5F&pos=2&price=17.99&productid=102938&sid=316895&type=offer
01-EL-YD-PS65,ESTEE LAUDER YOUTH DEW EDP-S 67ML,27131017752.0,1000+,60.0,11.5,,,0.0,102938.0,Perfumeclick.co.uk,£19.25 £287.31/L,https://www.idealo.co.uk/relocator/relocate?categoryId=3972&offerKey=b810b2b0ea7096f0c55257e385a28b12&offerListId=102938-B845D20935B3C4422AE561F472A04E5F&pos=3&price=19.25&productid=102938&sid=69736&type=offer
01-EL-YD-PS65,ESTEE LAUDER YOUTH DEW EDP-S 67ML,27131017752.0,1000+,60.0,11.5,,,0.0,102938.0,Amazon-marketplace.co.uk,£20.00 £298.51/L,https://www.idealo.co.uk/relocator/relocate?categoryId=3972&offerKey=5d86ad7260dff01fc444c6fb7e58d44b&offerListId=102938-B845D20935B3C4422AE561F472A04E5F&pos=4&price=20.00&productid=102938&sid=22828&type=offer
01-EL-YD-PS65,ESTEE LAUDER YOUTH DEW EDP-S 67ML,27131017752.0,1000+,60.0,11.5,,,0.0,102938.0,beautybase.com(UK),£20.00 £298.51/L,https://www.idealo.co.uk/relocator/relocate?categoryId=3972&offerKey=52db5f5a92f5a22cd78c6e6825951a90&offerListId=102938-B845D20935B3C4422AE561F472A04E5F&pos=5&price=20.00&productid=102938&sid=299115&type=offer
01-EL-YD-PS65,ESTEE LAUDER YOUTH DEW EDP-S 67ML,27131017752.0,1000+,60.0,11.5,,,0.0,102938.0,ebay.co.uk,£20.08 £299.70/L,https://www.idealo.co.uk/relocator/relocate?categoryId=3972&offerKey=9ba07f31d51c50810fd3d3650dfee805&offerListId=102938-B845D20935B3C4422AE561F472A04E5F&pos=6&price=20.08&productid=102938&sid=22818&type=offer
01-EL-YD-PS65,ESTEE LAUDER YOUTH DEW EDP-S 67ML,27131017752.0,1000+,60.0,11.5,,,0.0,102938.0,cosmetify.com,£20.21 £301.64/L,https://www.idealo.co.uk/relocator/relocate?categoryId=3972&offerKey=6b81a8df2da3df537bb230c5c6a36c48&offerListId=102938-B845D20935B3C4422AE561F472A04E5F&pos=7&price=20.21&productid=102938&sid=329503&type=offer
01-EL-YD-PS65,ESTEE LAUDER YOUTH DEW EDP-S 67ML,27131017752.0,1000+,60.0,11.5,,,0.0,102938.0,secretsales.com (UK),£20.99 £313.28/L,https://www.idealo.co.uk/relocator/relocate?categoryId=3972&offerKey=3d84bce0bc3e8fe6610d09977f35cce7&offerListId=102938-B845D20935B3C4422AE561F472A04E5F&pos=8&price=20.99&productid=102938&sid=324015&type=offer
01-EL-YD-PS65,ESTEE LAUDER YOUTH DEW EDP-S 67ML,27131017752.0,1000+,60.0,11.5,,,0.0,102938.0,perfumedirect.com,£20.99 £313.28/L,https://www.idealo.co.uk/relocator/relocate?categoryId=3972&offerKey=e5a9f7ddf966b14c2818533e5edfea87&offerListId=102938-B845D20935B3C4422AE561F472A04E5F&pos=9&price=20.99&productid=102938&sid=318630&type=offer
01-EL-YD-PS65,ESTEE LAUDER YOUTH DEW EDP-S 67ML,27131017752.0,1000+,60.0,11.5,,,0.0,102938.0,Pharmacy2u.co.uk,£21.00 £313.43/L,https://www.idealo.co.uk/relocator/relocate?categoryId=3972&offerKey=d6850a78d265e6aee15ed9bc00157e8c&offerListId=102938-B845D20935B3C4422AE561F472A04E5F&pos=10&price=21.00&productid=102938&sid=25468&type=offer
01-EL-YD-PS65,ESTEE LAUDER YOUTH DEW EDP-S 67ML,27131017752.0,1000+,60.0,11.5,,,0.0,102938.0,allbeauty.com(UK),£21.45 £320.15/L,https://www.idealo.co.uk/relocator/relocate?categoryId=3972&offerKey=1dc3ef6315e248e9a22720b533f3f071&offerListId=102938-B845D20935B3C4422AE561F472A04E5F&pos=11&price=21.45&productid=102938&sid=28942&type=offer
01-EL-YD-PS65,ESTEE LAUDER YOUTH DEW EDP-S 67ML,27131017752.0,1000+,60.0,11.5,,,0.0,102938.0,onbuy.com,£21.49 £320.75/L,https://www.idealo.co.uk/relocator/relocate?categoryId=3972&offerKey=bce2ae676fdfca788d3ee4963bbbffef&offerListId=102938-B845D20935B3C4422AE561F472A04E5F&pos=12&price=21.49&productid=102938&sid=316895&type=offer
01-EL-YD-PS65,ESTEE LAUDER YOUTH DEW EDP-S 67ML,27131017752.0,1000+,60.0,11.5,,,0.0,102938.0,secretsales.com (UK),£21.80 £325.37/L,https://www.idealo.co.uk/relocator/relocate?categoryId=3972&offerKey=5b347089871066898ac1261a1b641983&offerListId=102938-B845D20935B3C4422AE561F472A04E5F&pos=13&price=21.80&productid=102938&sid=324015&type=offer
01-EL-YD-PS65,ESTEE LAUDER YOUTH DEW EDP-S 67ML,27131017752.0,1000+,60.0,11.5,,,0.0,102938.0,perfumeprice.co.uk,£21.95 £327.61/L,https://www.idealo.co.uk/relocator/relocate?categoryId=3972&offerKey=ed37daf3c591fd00302e2dc5cc5aecfc&offerListId=102938-B845D20935B3C4422AE561F472A04E5F&pos=14&price=21.95&productid=102938&sid=321700&type=offer
01-EL-YD-PS65,ESTEE LAUDER YOUTH DEW EDP-S 67ML,27131017752.0,1000+,60.0,11.5,,,0.0,102938.0,bodycareonline.co.uk,£24.99 £372.99/L,https://www.idealo.co.uk/relocator/relocate?categoryId=3972&offerKey=631fbb4557e57f5b8666e79c7be2b372&offerListId=102938-B845D20935B3C4422AE561F472A04E5F&pos=15&price=24.99&productid=102938&sid=332851&type=offer
01-EL-YD-PS65,ESTEE LAUDER YOUTH DEW EDP-S 67ML,27131017752.0,1000+,60.0,11.5,,,0.0,102938.0,Tjhughes.co.uk,£25.00 £373.13/L,https://www.idealo.co.uk/relocator/relocate?categoryId=3972&offerKey=b1470ff59d2bde41a506ea700eb8f94e&offerListId=102938-B845D20935B3C4422AE561F472A04E5F&pos=16&price=25.00&productid=102938&sid=28759&type=offer
01-EL-YD-PS65,ESTEE LAUDER YOUTH DEW EDP-S 67ML,27131017752.0,1000+,60.0,11.5,,,0.0,102938.0,amazon.co.uk,£26.22 £391.34/L,https://www.idealo.co.uk/relocator/relocate?categoryId=3972&offerKey=3c342d3035cedbe744fd7df4cba98e03&offerListId=102938-B845D20935B3C4422AE561F472A04E5F&pos=17&price=26.22&productid=102938&sid=12004&type=offer
01-EL-YD-PS65,ESTEE LAUDER YOUTH DEW EDP-S 67ML,27131017752.0,1000+,60.0,11.5,,,0.0,102938.0,Dressinn.com (UK),£27.49 £410.30/L,https://www.idealo.co.uk/relocator/relocate?categoryId=3972&offerKey=ac0beb16fe13124a507ca6a697ca5ed6&offerListId=102938-B845D20935B3C4422AE561F472A04E5F&pos=18&price=27.49&productid=102938&sid=318629&type=offer
01-EL-YD-PS65,ESTEE LAUDER YOUTH DEW EDP-S 67ML,27131017752.0,1000+,60.0,11.5,,,0.0,102938.0,pampa.co.uk,£30.60 £456.72/L,https://www.idealo.co.uk/relocator/relocate?categoryId=3972&offerKey=355d5dc250e3f5d562596255cac1d966&offerListId=102938-B845D20935B3C4422AE561F472A04E5F&pos=19&price=30.60&productid=102938&sid=329455&type=offer
01-EL-YD-PS65,ESTEE LAUDER YOUTH DEW EDP-S 67ML,27131017752.0,1000+,60.0,11.5,,,0.0,102938.0,Tjhughes.co.uk,£32.00 £477.61/L,https://www.idealo.co.uk/relocator/relocate?categoryId=3972&offerKey=77c6d869a2c0e7fc1a55e32be680be37&offerListId=102938-B845D20935B3C4422AE561F472A04E5F&pos=20&price=32.00&productid=102938&sid=28759&type=offer
01-ES-LEPA-PS30,ELIE SAAB LE PARFUM EDP-S 30ML,7640233340004.0,756,49.0,18.95,,,0.0,2862111.0,Dressinn.com (UK),£29.99 £999.67/L,https://www.idealo.co.uk/relocator/relocate?categoryId=3972&offerKey=f0705b214ba03945b980bad722ba67b9&offerListId=2862111-36E7816E99826CC261F6CEA83C32185C&pos=1&price=29.99&productid=2862111&sid=318629&type=offer
01-ES-LEPA-PS50,ELIE SAAB LE PARFUM EDP-S 50ML,7640233340028.0,55,70.0,26.95,,,0.0,2862115.0,ebay.co.uk,£40.95 £819.00/L,https://www.idealo.co.uk/relocator/relocate?categoryId=3972&offerKey=d3a7c65c04f152538a550532f628ed93&offerListId=2862115-888B892E157ACDDDC517CAF5E9898770&pos=1&price=40.95&productid=2862115&sid=22818&type=offer
01-ES-LEPA-PS50,ELIE SAAB LE PARFUM EDP-S 50ML,7640233340028.0,55,70.0,26.95,,,0.0,2862115.0,perfumeprice.co.uk,£40.95 £819.00/L,https://www.idealo.co.uk/relocator/relocate?categoryId=3972&offerKey=2b60fafc7397a0a5cba744285921c317&offerListId=2862115-888B892E157ACDDDC517CAF5E9898770&pos=2&price=40.95&productid=2862115&sid=321700&type=offer
01-ES-LEPA-PS50,ELIE SAAB LE PARFUM EDP-S 50ML,7640233340028.0,55,70.0,26.95,,,0.0,2862115.0,Clearchemist.co.uk,£41.27 £825.40/L,https://www.idealo.co.uk/relocator/relocate?categoryId=3972&offerKey=09c50309bba85ca7be2a7b6ddea989cd&offerListId=2862115-888B892E157ACDDDC517CAF5E9898770&pos=3&price=41.27&productid=2862115&sid=289670&type=offer
01-ES-LEPA-PS50,ELIE SAAB LE PARFUM EDP-S 50ML,7640233340028.0,55,70.0,26.95,,,0.0,2862115.0,allbeauty.com(UK),£41.70 £834.00/L,https://www.idealo.co.uk/relocator/relocate?categoryId=3972&offerKey=270b19b49e7b8d4af3cd6b0b342c2ab4&offerListId=2862115-888B892E157ACDDDC517CAF5E9898770&pos=4&price=41.70&productid=2862115&sid=28942&type=offer
01-ES-LEPA-PS50,ELIE SAAB LE PARFUM EDP-S 50ML,7640233340028.0,55,70.0,26.95,,,0.0,2862115.0,Amazon-marketplace.co.uk,£44.40 £888.00/L,https://www.idealo.co.uk/relocator/relocate?categoryId=3972&offerKey=a67325b1d6bffbb441e53b54d51867cb&offerListId=2862115-888B892E157ACDDDC517CAF5E9898770&pos=5&price=44.40&productid=2862115&sid=22828&type=offer
01-ES-LEPA-PS50,ELIE SAAB LE PARFUM EDP-S 50ML,7640233340028.0,55,70.0,26.95,,,0.0,2862115.0,Perfumeclick.co.uk,£44.55 £891.00/L,https://www.idealo.co.uk/relocator/relocate?categoryId=3972&offerKey=4e30a70583c85e6c5531989cfbc59c87&offerListId=2862115-888B892E157ACDDDC517CAF5E9898770&pos=6&price=44.55&productid=2862115&sid=69736&type=offer
01-ES-LEPA-PS50,ELIE SAAB LE PARFUM EDP-S 50ML,7640233340028.0,55,70.0,26.95,,,0.0,2862115.0,cosmetify.com,£46.78 £935.60/L,https://www.idealo.co.uk/relocator/relocate?categoryId=3972&offerKey=6cbe17bdc16447de4dbc05eb1d94022b&offerListId=2862115-888B892E157ACDDDC517CAF5E9898770&pos=7&price=46.78&productid=2862115&sid=329503&type=offer
01-ES-LEPA-PS50,ELIE SAAB LE PARFUM EDP-S 50ML,7640233340028.0,55,70.0,26.95,,,0.0,2862115.0,Dressinn.com (UK),£47.99 £959.80/L,https://www.idealo.co.uk/relocator/relocate?categoryId=3972&offerKey=c7bf65f5614ec568dae3388b1604f26f&offerListId=2862115-888B892E157ACDDDC517CAF5E9898770&pos=8&price=47.99&productid=2862115&sid=318629&type=offer
01-ES-LEPA-PS50,ELIE SAAB LE PARFUM EDP-S 50ML,7640233340028.0,55,70.0,26.95,,,0.0,2862115.0,secretsales.com (UK),£48.83 £976.60/L,https://www.idealo.co.uk/relocator/relocate?categoryId=3972&offerKey=2a43149a2a01d966d12553ff892ebcc8&offerListId=2862115-888B892E157ACDDDC517CAF5E9898770&pos=9&price=48.83&productid=2862115&sid=324015&type=offer
01-ES-LEPA-PS50,ELIE SAAB LE PARFUM EDP-S 50ML,7640233340028.0,55,70.0,26.95,,,0.0,2862115.0,sephora.co.uk,£49.00 £980.00/L,https://www.idealo.co.uk/relocator/relocate?categoryId=3972&offerKey=1c3658a5dc42665388443d4f7d2466d7&offerListId=2862115-888B892E157ACDDDC517CAF5E9898770&pos=10&price=49.00&productid=2862115&sid=27998&type=offer
01-ES-LEPA-PS50,ELIE SAAB LE PARFUM EDP-S 50ML,7640233340028.0,55,70.0,26.95,,,0.0,2862115.0,my-origines.com(UK),£49.73 £994.60/L,https://www.idealo.co.uk/relocator/relocate?categoryId=3972&offerKey=9747a8c51a2687d49513c5d3f7f1a146&offerListId=2862115-888B892E157ACDDDC517CAF5E9898770&pos=11&price=49.73&productid=2862115&sid=328503&type=offer
01-ET-WD-TS100,ELIZABETH TAYLOR WHITE DIAMONDS EDT-S 100ML,719346022705.0,604,52.0,12.95,,,0.0,820487.0,amazon.co.uk,£14.94 £149.40/L,https://www.idealo.co.uk/relocator/relocate?categoryId=3972&offerKey=c0912a969e34fe89787c60eb4d43f20f&offerListId=820487-FF8B5892687DC67ADE478CC5DB54D201&pos=1&price=14.94&productid=820487&sid=12004&type=offer
01-ET-WD-TS100,ELIZABETH TAYLOR WHITE DIAMONDS EDT-S 100ML,719346022705.0,604,52.0,12.95,,,0.0,820487.0,debenhams.com,£18.00 £180.00/L,https://www.idealo.co.uk/relocator/relocate?categoryId=3972&offerKey=5beac47b288960a42f47c1f4f50da332&offerListId=820487-FF8B5892687DC67ADE478CC5DB54D201&pos=2&price=18.00&productid=820487&sid=324109&type=offer
01-ET-WD-TS100,ELIZABETH TAYLOR WHITE DIAMONDS EDT-S 100ML,719346022705.0,604,52.0,12.95,,,0.0,820487.0,onbuy.com,£18.03 £180.30/L,https://www.idealo.co.uk/relocator/relocate?categoryId=3972&offerKey=5f907771a965ab8ed7fe4b9397dd479d&offerListId=820487-FF8B5892687DC67ADE478CC5DB54D201&pos=3&price=18.03&productid=820487&sid=316895&type=offer
01-ET-WD-TS100,ELIZABETH TAYLOR WHITE DIAMONDS EDT-S 100ML,719346022705.0,604,52.0,12.95,,,0.0,820487.0,debenhams.com,£19.50 £195.00/L,https://www.idealo.co.uk/relocator/relocate?categoryId=3972&offerKey=7d3dd2a3bed744b60e1e345a5ef9024c&offerListId=820487-FF8B5892687DC67ADE478CC5DB54D201&pos=4&price=19.50&productid=820487&sid=324109&type=offer
01-ET-WD-TS100,ELIZABETH TAYLOR WHITE DIAMONDS EDT-S 100ML,719346022705.0,604,52.0,12.95,,,0.0,820487.0,Amazon-marketplace.co.uk,£20.04 £200.40/L,https://www.idealo.co.uk/relocator/relocate?categoryId=3972&offerKey=dadc1456845cef1e0e8ca71586e8f241&offerListId=820487-FF8B5892687DC67ADE478CC5DB54D201&pos=5&price=20.04&productid=820487&sid=22828&type=offer
01-ET-WD-TS100,ELIZABETH TAYLOR WHITE DIAMONDS EDT-S 100ML,719346022705.0,604,52.0,12.95,,,0.0,820487.0,cosmetify.com,£20.99 £209.90/L,https://www.idealo.co.uk/relocator/relocate?categoryId=3972&offerKey=7745b21a4e23f55e40da806188fb5c6c&offerListId=820487-FF8B5892687DC67ADE478CC5DB54D201&pos=6&price=20.99&productid=820487&sid=329503&type=offer
01-ET-WD-TS100,ELIZABETH TAYLOR WHITE DIAMONDS EDT-S 100ML,719346022705.0,604,52.0,12.95,,,0.0,820487.0,perfumedirect.com,£20.99 £209.90/L,https://www.idealo.co.uk/relocator/relocate?categoryId=3972&offerKey=88545736991f2e69ccab7c02c506cc80&offerListId=820487-FF8B5892687DC67ADE478CC5DB54D201&pos=7&price=20.99&productid=820487&sid=318630&type=offer
01-ET-WD-TS100,ELIZABETH TAYLOR WHITE DIAMONDS EDT-S 100ML,719346022705.0,604,52.0,12.95,,,0.0,820487.0,ebay.co.uk,£21.43 £214.30/L,https://www.idealo.co.uk/relocator/relocate?categoryId=3972&offerKey=f643c51e5f827e2180bb2227c84106f7&offerListId=820487-FF8B5892687DC67ADE478CC5DB54D201&pos=8&price=21.43&productid=820487&sid=22818&type=offer
01-ET-WD-TS100,ELIZABETH TAYLOR WHITE DIAMONDS EDT-S 100ML,719346022705.0,604,52.0,12.95,,,0.0,820487.0,allbeauty.com(UK),£21.50 £215.00/L,https://www.idealo.co.uk/relocator/relocate?categoryId=3972&offerKey=2a897dbae5f6686d9e598666e1574ff7&offerListId=820487-FF8B5892687DC67ADE478CC5DB54D201&pos=9&price=21.50&productid=820487&sid=28942&type=offer
01-ET-WD-TS100,ELIZABETH TAYLOR WHITE DIAMONDS EDT-S 100ML,719346022705.0,604,52.0,12.95,,,0.0,820487.0,Fragrancedirect.co.uk,£21.95 £219.50/L,https://www.idealo.co.uk/relocator/relocate?categoryId=3972&offerKey=b28918e364329924c5c2fd60fece76ab&offerListId=820487-FF8B5892687DC67ADE478CC5DB54D201&pos=10&price=21.95&productid=820487&sid=21971&type=offer
01-ET-WD-TS100,ELIZABETH TAYLOR WHITE DIAMONDS EDT-S 100ML,719346022705.0,604,52.0,12.95,,,0.0,820487.0,Perfumeshopping.com(UK),£23.23 £232.30/L,https://www.idealo.co.uk/relocator/relocate?categoryId=3972&offerKey=9c5ad6d402119bebdc0bc6a5082924e2&offerListId=820487-FF8B5892687DC67ADE478CC5DB54D201&pos=11&price=23.23&productid=820487&sid=282217&type=offer
01-ET-WD-TS100,ELIZABETH TAYLOR WHITE DIAMONDS EDT-S 100ML,719346022705.0,604,52.0,12.95,,,0.0,820487.0,notino.co.uk,£23.50 £235.00/L,https://www.idealo.co.uk/relocator/relocate?categoryId=3972&offerKey=80b5c2762bf540c03e6e016ecc98cd03&offerListId=820487-FF8B5892687DC67ADE478CC5DB54D201&pos=12&price=23.50&productid=820487&sid=307734&type=offer
01-ET-WD-TS100,ELIZABETH TAYLOR WHITE DIAMONDS EDT-S 100ML,719346022705.0,604,52.0,12.95,,,0.0,820487.0,Boots.com (UK),£23.50 £235.00/L,https://www.idealo.co.uk/relocator/relocate?categoryId=3972&offerKey=ab575ae14e5cf1cb101f4b298fb1da1e&offerListId=820487-FF8B5892687DC67ADE478CC5DB54D201&pos=13&price=23.50&productid=820487&sid=27286&type=offer
01-ET-WD-TS100,ELIZABETH TAYLOR WHITE DIAMONDS EDT-S 100ML,719346022705.0,604,52.0,12.95,,,0.0,820487.0,gadcet.com(UK),£23.99 £239.90/L,https://www.idealo.co.uk/relocator/relocate?categoryId=3972&offerKey=7d001dfa4230502664895ad94f117648&offerListId=820487-FF8B5892687DC67ADE478CC5DB54D201&pos=14&price=23.99&productid=820487&sid=327398&type=offer
01-ET-WD-TS100,ELIZABETH TAYLOR WHITE DIAMONDS EDT-S 100ML,719346022705.0,604,52.0,12.95,,,0.0,820487.0,escentual.com(UK),£25.40 £254.00/L,https://www.idealo.co.uk/relocator/relocate?categoryId=3972&offerKey=8471b69d136a0ea4a4646b80b0718ad3&offerListId=820487-FF8B5892687DC67ADE478CC5DB54D201&pos=15&price=25.40&productid=820487&sid=21988&type=offer
01-ET-WD-TS100,ELIZABETH TAYLOR WHITE DIAMONDS EDT-S 100ML,719346022705.0,604,52.0,12.95,,,0.0,820487.0,beautybase.com(UK),£26.00 £260.00/L,https://www.idealo.co.uk/relocator/relocate?categoryId=3972&offerKey=1191db96b30039664e938a66ff6439ab&offerListId=820487-FF8B5892687DC67ADE478CC5DB54D201&pos=16&price=26.00&productid=820487&sid=299115&type=offer
01-ET-WD-TS100,ELIZABETH TAYLOR WHITE DIAMONDS EDT-S 100ML,719346022705.0,604,52.0,12.95,,,0.0,820487.0,my-origines.com(UK),£26.38 £263.80/L,https://www.idealo.co.uk/relocator/relocate?categoryId=3972&offerKey=441eb5550c38e8623df902aec1b4319e&offerListId=820487-FF8B5892687DC67ADE478CC5DB54D201&pos=17&price=26.38&productid=820487&sid=328503&type=offer
01-ET-WD-TS100,ELIZABETH TAYLOR WHITE DIAMONDS EDT-S 100ML,719346022705.0,604,52.0,12.95,,,0.0,820487.0,Scentsationalperfumes.com,£29.95 £299.50/L,https://www.idealo.co.uk/relocator/relocate?categoryId=3972&offerKey=831a3248488713b286658a5c53f78b61&offerListId=820487-FF8B5892687DC67ADE478CC5DB54D201&pos=18&price=29.95&productid=820487&sid=282041&type=offer
01-ET-WD-TS100,ELIZABETH TAYLOR WHITE DIAMONDS EDT-S 100ML,719346022705.0,604,52.0,12.95,,,0.0,820487.0,studio.co.uk,£29.99 £299.90/L,https://www.idealo.co.uk/relocator/relocate?categoryId=3972&offerKey=14056854247675a53cb6edf9c1dbbafa&offerListId=820487-FF8B5892687DC67ADE478CC5DB54D201&pos=19&price=29.99&productid=820487&sid=25953&type=offer
01-ET-WD-TS100,ELIZABETH TAYLOR WHITE DIAMONDS EDT-S 100ML,719346022705.0,604,52.0,12.95,,,0.0,820487.0,freemans.com (UK),£52.00 £520.00/L,https://www.idealo.co.uk/relocator/relocate?categoryId=3972&offerKey=b255cacc46cfc47db238012859bb4675&offerListId=820487-FF8B5892687DC67ADE478CC5DB54D201&pos=20&price=52.00&productid=820487&sid=320471&type=offer
01-FLO-ARF-PS100,FLORIS A ROSE FOR EDP-S 100ML,886266761042.0,21,180.0,66.95,,,0.0,6398981.0,ebay.co.uk,£72.17 £721.70/L,https://www.idealo.co.uk/relocator/relocate?categoryId=16252&offerKey=daa1db343cd740156a7f37ca53b3fd98&offerListId=6398981-5012CD1E2D71478B10DCE1D2F6903D67&pos=1&price=72.17&productid=6398981&sid=22818&type=offer
01-FLO-ARF-PS100,FLORIS A ROSE FOR EDP-S 100ML,886266761042.0,21,180.0,66.95,,,0.0,6398981.0,,£75.06 £750.60/L,https://www.idealo.co.uk/relocator/relocate?categoryId=16252&offerKey=c50966a17e7b996f7157b0dbb3f84ae2&offerListId=6398981-5012CD1E2D71478B10DCE1D2F6903D67&pos=2&price=75.06&productid=6398981&sid=307734&type=offer
01-FLO-ARF-PS100,FLORIS A ROSE FOR EDP-S 100ML,886266761042.0,21,180.0,66.95,,,0.0,6398981.0,Perfumeclick.co.uk,£85.65 £856.50/L,https://www.idealo.co.uk/relocator/relocate?categoryId=16252&offerKey=9e15e6ed2f0ce6186e5ab1b45b3dc084&offerListId=6398981-5012CD1E2D71478B10DCE1D2F6903D67&pos=3&price=85.65&productid=6398981&sid=69736&type=offer
01-FLO-ARF-PS100,FLORIS A ROSE FOR EDP-S 100ML,886266761042.0,21,180.0,66.95,,,0.0,6398981.0,secretsales.com (UK),£86.40 £864.00/L,https://www.idealo.co.uk/relocator/relocate?categoryId=16252&offerKey=d464707c659f7ad4396c670659af2023&offerListId=6398981-5012CD1E2D71478B10DCE1D2F6903D67&pos=4&price=86.40&productid=6398981&sid=324015&type=offer
01-FLO-ARF-PS100,FLORIS A ROSE FOR EDP-S 100ML,886266761042.0,21,180.0,66.95,,,0.0,6398981.0,Amazon-marketplace.co.uk,£92.54 £925.40/L,https://www.idealo.co.uk/relocator/relocate?categoryId=16252&offerKey=2fed09b74a4c02b81642e46e153acdfd&offerListId=6398981-5012CD1E2D71478B10DCE1D2F6903D67&pos=5&price=92.54&productid=6398981&sid=22828&type=offer
01-FLO-ARF-PS100,FLORIS A ROSE FOR EDP-S 100ML,886266761042.0,21,180.0,66.95,,,0.0,6398981.0,allbeauty.com(UK),£99.95 £999.50/L,https://www.idealo.co.uk/relocator/relocate?categoryId=16252&offerKey=2fabd2d409a05e828f79863121900444&offerListId=6398981-5012CD1E2D71478B10DCE1D2F6903D67&pos=6&price=99.95&productid=6398981&sid=28942&type=offer
01-FLO-CB-PS100,FLORIS CHERRY BLOSSOM EDP-S 100ML,886266371043.0,33,180.0,59.95,,,0.0,5544612.0,ebay.co.uk,£84.95 £849.50/L,https://www.idealo.co.uk/relocator/relocate?categoryId=3972&offerKey=0367a3cd0ac5a62178315eb5c245ead9&offerListId=5544612-9893B8F6963F594D4FBE85DAD451162A&pos=1&price=84.95&productid=5544612&sid=22818&type=offer
01-FLO-CB-PS100,FLORIS CHERRY BLOSSOM EDP-S 100ML,886266371043.0,33,180.0,59.95,,,0.0,5544612.0,secretsales.com (UK),£88.00 £880.00/L,https://www.idealo.co.uk/relocator/relocate?categoryId=3972&offerKey=7eb8c18de32fd2044b650cd035fba224&offerListId=5544612-9893B8F6963F594D4FBE85DAD451162A&pos=2&price=88.00&productid=5544612&sid=324015&type=offer
01-FLO-CB-PS100,FLORIS CHERRY BLOSSOM EDP-S 100ML,886266371043.0,33,180.0,59.95,,,0.0,5544612.0,Perfumeclick.co.uk,£91.65 £916.50/L,https://www.idealo.co.uk/relocator/relocate?categoryId=3972&offerKey=e2a2d01376510d20d7ad65856cd24cc8&offerListId=5544612-9893B8F6963F594D4FBE85DAD451162A&pos=3&price=91.65&productid=5544612&sid=69736&type=offer
01-FLO-CHY-TS100,FLORIS CHYPRESS EDT-S 100ML,886266591144.0,33,110.0,33.95,,,0.0,6151294.0,Clearchemist.co.uk,£45.26 £452.60/L,https://www.idealo.co.uk/relocator/relocate?categoryId=16252&offerKey=a7d5bb1e65ae99da803ff7fc5b2650ed&offerListId=6151294-9551A3F9C39BE7AE510893908D10A164&pos=1&price=45.26&productid=6151294&sid=289670&type=offer
01-FLO-CHY-TS100,FLORIS CHYPRESS EDT-S 100ML,886266591144.0,33,110.0,33.95,,,0.0,6151294.0,ebay.co.uk,£46.70 £467.00/L,https://www.idealo.co.uk/relocator/relocate?categoryId=16252&offerKey=656b8dda20b1e52ef2d4cffb25d807c1&offerListId=6151294-9551A3F9C39BE7AE510893908D10A164&pos=2&price=46.70&productid=6151294&sid=22818&type=offer
01-FLO-CHY-TS100,FLORIS CHYPRESS EDT-S 100ML,886266591144.0,33,110.0,33.95,,,0.0,6151294.0,notino.co.uk,£50.30 £503.00/L,https://www.idealo.co.uk/relocator/relocate?categoryId=16252&offerKey=8c550f12d8a33894dc09d5aa18035993&offerListId=6151294-9551A3F9C39BE7AE510893908D10A164&pos=3&price=50.30&productid=6151294&sid=307734&type=offer
01-FLO-CHY-TS100,FLORIS CHYPRESS EDT-S 100ML,886266591144.0,33,110.0,33.95,,,0.0,6151294.0,onbuy.com,£50.99 £509.90/L,https://www.idealo.co.uk/relocator/relocate?categoryId=16252&offerKey=842ccbb95a85b470f9ad0cf87dc1d4d5&offerListId=6151294-9551A3F9C39BE7AE510893908D10A164&pos=4&price=50.99&productid=6151294&sid=316895&type=offer
01-FLO-CHY-TS100,FLORIS CHYPRESS EDT-S 100ML,886266591144.0,33,110.0,33.95,,,0.0,6151294.0,Dressinn.com (UK),£52.99 £529.90/L,https://www.idealo.co.uk/relocator/relocate?categoryId=16252&offerKey=2a46ef29d8863fc23f37391a861917ae&offerListId=6151294-9551A3F9C39BE7AE510893908D10A164&pos=5&price=52.99&productid=6151294&sid=318629&type=offer
01-FLO-CHY-TS100,FLORIS CHYPRESS EDT-S 100ML,886266591144.0,33,110.0,33.95,,,0.0,6151294.0,unineed.com,£52.99 £529.90/L,https://www.idealo.co.uk/relocator/relocate?categoryId=16252&offerKey=a8946568924ad75ef9a43fcf1e54b094&offerListId=6151294-9551A3F9C39BE7AE510893908D10A164&pos=6&price=52.99&productid=6151294&sid=314440&type=offer
01-FLO-CHY-TS100,FLORIS CHYPRESS EDT-S 100ML,886266591144.0,33,110.0,33.95,,,0.0,6151294.0,Perfumeclick.co.uk,£53.05 £530.50/L,https://www.idealo.co.uk/relocator/relocate?categoryId=16252&offerKey=7d89028a0b2f9fd2a73aed1e5e0f2714&offerListId=6151294-9551A3F9C39BE7AE510893908D10A164&pos=7&price=53.05&productid=6151294&sid=69736&type=offer
01-FLO-CHY-TS100,FLORIS CHYPRESS EDT-S 100ML,886266591144.0,33,110.0,33.95,,,0.0,6151294.0,secretsales.com (UK),£54.63 £546.30/L,https://www.idealo.co.uk/relocator/relocate?categoryId=16252&offerKey=c1155fcab74b351a9a9a53d667228e2f&offerListId=6151294-9551A3F9C39BE7AE510893908D10A164&pos=8&price=54.63&productid=6151294&sid=324015&type=offer
01-FLO-CHY-TS100,FLORIS CHYPRESS EDT-S 100ML,886266591144.0,33,110.0,33.95,,,0.0,6151294.0,Tjhughes.co.uk,£59.00 £590.00/L,https://www.idealo.co.uk/relocator/relocate?categoryId=16252&offerKey=771d3639420a76e66a58e16b8a3b140c&offerListId=6151294-9551A3F9C39BE7AE510893908D10A164&pos=9&price=59.00&productid=6151294&sid=28759&type=offer
01-FLO-LO-PS100,FLORIS MULBERRY FIG EDP-S 100ML,886266791049.0,21,180.0,66.95,,,0.0,203198367.0,ebay.co.uk,£87.32 £873.20/L,https://www.idealo.co.uk/relocator/relocate?categoryId=16252&offerKey=ca36637657a46ae0c6d8ae403ef0d6b0&offerListId=203198367-2A3E2D85745F13C6C5D9D2DB1AB7A8ED&pos=1&price=87.32&productid=203198367&sid=22818&type=offer
01-FLO-NV-PS100,FLORIS NEROLI VOYAGE EDP-S 100ML,886266771041.0,21,180.0,59.95,,,0.0,200469854.0,ebay.co.uk,£76.76 £767.60/L,https://www.idealo.co.uk/relocator/relocate?categoryId=16252&offerKey=78b23b7273390a5b402ee4efce382163&offerListId=200469854-E3380F265065CCEF80C0BA36CAEA146D&pos=1&price=76.76&productid=200469854&sid=22818&type=offer
01-FLO-NV-PS100,FLORIS NEROLI VOYAGE EDP-S 100ML,886266771041.0,21,180.0,59.95,,,0.0,200469854.0,notino.co.uk,£86.80 £868.00/L,https://www.idealo.co.uk/relocator/relocate?categoryId=16252&offerKey=e58b8bff8c4f4eea057175dd530bbdf1&offerListId=200469854-E3380F265065CCEF80C0BA36CAEA146D&pos=2&price=86.80&productid=200469854&sid=307734&type=offer
01-FLO-NV-PS100,FLORIS NEROLI VOYAGE EDP-S 100ML,886266771041.0,21,180.0,59.95,,,0.0,200469854.0,allbeauty.com(UK),£87.95 £879.50/L,https://www.idealo.co.uk/relocator/relocate?categoryId=16252&offerKey=2aae205a9a80c3e291cf536840572a4c&offerListId=200469854-E3380F265065CCEF80C0BA36CAEA146D&pos=3&price=87.95&productid=200469854&sid=28942&type=offer
01-FLO-NV-PS100,FLORIS NEROLI VOYAGE EDP-S 100ML,886266771041.0,21,180.0,59.95,,,0.0,200469854.0,secretsales.com (UK),£90.00 £900.00/L,https://www.idealo.co.uk/relocator/relocate?categoryId=16252&offerKey=fe4c41cf17bc22f45d632e8d2808d952&offerListId=200469854-E3380F265065CCEF80C0BA36CAEA146D&pos=4&price=90.00&productid=200469854&sid=324015&type=offer
01-FLO-NV-PS100,FLORIS NEROLI VOYAGE EDP-S 100ML,886266771041.0,21,180.0,59.95,,,0.0,200469854.0,Perfumeclick.co.uk,£91.65 £916.50/L,https://www.idealo.co.uk/relocator/relocate?categoryId=16252&offerKey=a43c1f2a3f69b4d760ce5e5bc77c23b5&offerListId=200469854-E3380F265065CCEF80C0BA36CAEA146D&pos=5&price=91.65&productid=200469854&sid=69736&type=offer
01-FLO-SIR-PS100,FLORIS SIRENA EDP-S 100ML,886266681043.0,30,180.0,61.95,,,0.0,2957890.0,Clearchemist.co.uk,£71.15 £711.50/L,https://www.idealo.co.uk/relocator/relocate?categoryId=3972&offerKey=6a0f1d24ab9a25b154bb2e84cd4d858b&offerListId=2957890-A8839B578BCD690DB4318F1F862BB643&pos=1&price=71.15&productid=2957890&sid=289670&type=offer
01-FLO-SIR-PS100,FLORIS SIRENA EDP-S 100ML,886266681043.0,30,180.0,61.95,,,0.0,2957890.0,amazon.co.uk,£74.83 £748.30/L,https://www.idealo.co.uk/relocator/relocate?categoryId=3972&offerKey=281caffbe93619ec2bc9e47aa8e779e2&offerListId=2957890-A8839B578BCD690DB4318F1F862BB643&pos=2&price=74.83&productid=2957890&sid=12004&type=offer
01-FLO-SIR-PS100,FLORIS SIRENA EDP-S 100ML,886266681043.0,30,180.0,61.95,,,0.0,2957890.0,ebay.co.uk,£81.95 £819.50/L,https://www.idealo.co.uk/relocator/relocate?categoryId=3972&offerKey=3d7966499233f79ec1653dcd7b3e9208&offerListId=2957890-A8839B578BCD690DB4318F1F862BB643&pos=3&price=81.95&productid=2957890&sid=22818&type=offer
01-FLO-SIR-PS100,FLORIS SIRENA EDP-S 100ML,886266681043.0,30,180.0,61.95,,,0.0,2957890.0,secretsales.com (UK),£84.00 £840.00/L,https://www.idealo.co.uk/relocator/relocate?categoryId=3972&offerKey=19aa9af478430a0b1af39041de46de20&offerListId=2957890-A8839B578BCD690DB4318F1F862BB643&pos=4&price=84.00&productid=2957890&sid=324015&type=offer
01-FLO-SIR-PS100,FLORIS SIRENA EDP-S 100ML,886266681043.0,30,180.0,61.95,,,0.0,2957890.0,Tjhughes.co.uk,£88.00 £880.00/L,https://www.idealo.co.uk/relocator/relocate?categoryId=3972&offerKey=801cfc48f38609199d7c44d90d2d2884&offerListId=2957890-A8839B578BCD690DB4318F1F862BB643&pos=5&price=88.00&productid=2957890&sid=28759&type=offer
01-FLO-SIR-PS100,FLORIS SIRENA EDP-S 100ML,886266681043.0,30,180.0,61.95,,,0.0,2957890.0,Perfumeclick.co.uk,£95.05 £950.50/L,https://www.idealo.co.uk/relocator/relocate?categoryId=3972&offerKey=82ad78df86c0a4ecbfb2000ed239bd21&offerListId=2957890-A8839B578BCD690DB4318F1F862BB643&pos=6&price=95.05&productid=2957890&sid=69736&type=offer
01-FLO-SIR-PS100,FLORIS SIRENA EDP-S 100ML,886266681043.0,30,180.0,61.95,,,0.0,2957890.0,Amazon-marketplace.co.uk,£96.00 £960.00/L,https://www.idealo.co.uk/relocator/relocate?categoryId=3972&offerKey=c6962de45e058b2955d1712ad84d7e10&offerListId=2957890-A8839B578BCD690DB4318F1F862BB643&pos=7&price=96.00&productid=2957890&sid=22828&type=offer
01-FLO-SJ-TS100,FLORIS NIGHT SCENTED JASMINE EDT-S 100ML,886266511142.0,21,110.0,33.95,,,0.0,972667.0,ebay.co.uk,£46.36 £463.60/L,https://www.idealo.co.uk/relocator/relocate?categoryId=3972&offerKey=64fc49b99c1e29bdc33b5504a38296e9&offerListId=972667-C3E29638630860A3D2DAC2FAD65C87ED&pos=1&price=46.36&productid=972667&sid=22818&type=offer
01-FLO-SJ-TS100,FLORIS NIGHT SCENTED JASMINE EDT-S 100ML,886266511142.0,21,110.0,33.95,,,0.0,972667.0,Perfumeclick.co.uk,£49.95 £499.50/L,https://www.idealo.co.uk/relocator/relocate?categoryId=3972&offerKey=5658b1f298197fbf2bd5860832a6b213&offerListId=972667-C3E29638630860A3D2DAC2FAD65C87ED&pos=2&price=49.95&productid=972667&sid=69736&type=offer
01-FLO-SJ-TS100,FLORIS NIGHT SCENTED JASMINE EDT-S 100ML,886266511142.0,21,110.0,33.95,,,0.0,972667.0,onbuy.com,£49.99 £499.90/L,https://www.idealo.co.uk/relocator/relocate?categoryId=3972&offerKey=45e684583685dfb726cf04da2dcbe598&offerListId=972667-C3E29638630860A3D2DAC2FAD65C87ED&pos=3&price=49.99&productid=972667&sid=316895&type=offer
01-FLO-SJ-TS100,FLORIS NIGHT SCENTED JASMINE EDT-S 100ML,886266511142.0,21,110.0,33.95,,,0.0,972667.0,unineed.com,£51.99 £519.90/L,https://www.idealo.co.uk/relocator/relocate?categoryId=3972&offerKey=4f82e01994f07be71283cc882f73519a&offerListId=972667-C3E29638630860A3D2DAC2FAD65C87ED&pos=4&price=51.99&productid=972667&sid=314440&type=offer
01-FLO-SJ-TS100,FLORIS NIGHT SCENTED JASMINE EDT-S 100ML,886266511142.0,21,110.0,33.95,,,0.0,972667.0,Dressinn.com (UK),£53.99 £539.90/L,https://www.idealo.co.uk/relocator/relocate?categoryId=3972&offerKey=8779100bf2bf42447e81fcc94ad03d6f&offerListId=972667-C3E29638630860A3D2DAC2FAD65C87ED&pos=5&price=53.99&productid=972667&sid=318629&type=offer
01-FLO-SJ-TS100,FLORIS NIGHT SCENTED JASMINE EDT-S 100ML,886266511142.0,21,110.0,33.95,,,0.0,972667.0,secretsales.com (UK),£54.00 £540.00/L,https://www.idealo.co.uk/relocator/relocate?categoryId=3972&offerKey=d8e2351e98919dd55c888f90fe7eed07&offerListId=972667-C3E29638630860A3D2DAC2FAD65C87ED&pos=6&price=54.00&productid=972667&sid=324015&type=offer
01-FLO-SJ-TS100,FLORIS NIGHT SCENTED JASMINE EDT-S 100ML,886266511142.0,21,110.0,33.95,,,0.0,972667.0,allbeauty.com(UK),£54.95 £549.50/L,https://www.idealo.co.uk/relocator/relocate?categoryId=3972&offerKey=f5c64024486490b2088de7c7b4e62062&offerListId=972667-C3E29638630860A3D2DAC2FAD65C87ED&pos=7&price=54.95&productid=972667&sid=28942&type=offer
01-FLO-SJ-TS100,FLORIS NIGHT SCENTED JASMINE EDT-S 100ML,886266511142.0,21,110.0,33.95,,,0.0,972667.0,Tjhughes.co.uk,£61.00 £610.00/L,https://www.idealo.co.uk/relocator/relocate?categoryId=3972&offerKey=95889132356673ee88ed668fcfc5b84b&offerListId=972667-C3E29638630860A3D2DAC2FAD65C87ED&pos=8&price=61.00&productid=972667&sid=28759&type=offer
01-FLO-WR-TS100,FLORIS WHITE ROSE EDT-S 100ML,886266921149.0,21,110.0,35.95,,,0.0,972672.0,notino.co.uk,£43.70 £437.00/L,https://www.idealo.co.uk/relocator/relocate?categoryId=3972&offerKey=ffd93aedecbab0ce1756d26d1ec59e1f&offerListId=972672-FEB8D3BFCC65C96F453278F04769D5A4&pos=1&price=43.70&productid=972672&sid=307734&type=offer
01-FLO-WR-TS100,FLORIS WHITE ROSE EDT-S 100ML,886266921149.0,21,110.0,35.95,,,0.0,972672.0,Clearchemist.co.uk,£47.41 £474.10/L,https://www.idealo.co.uk/relocator/relocate?categoryId=3972&offerKey=4b301a56a429a40617799afdad193093&offerListId=972672-FEB8D3BFCC65C96F453278F04769D5A4&pos=2&price=47.41&productid=972672&sid=289670&type=offer
01-FLO-WR-TS100,FLORIS WHITE ROSE EDT-S 100ML,886266921149.0,21,110.0,35.95,,,0.0,972672.0,ebay.co.uk,£48.68 £486.80/L,https://www.idealo.co.uk/relocator/relocate?categoryId=3972&offerKey=ad5335c05a592e303c230aecb6b0eca1&offerListId=972672-FEB8D3BFCC65C96F453278F04769D5A4&pos=3&price=48.68&productid=972672&sid=22818&type=offer
01-FLO-WR-TS100,FLORIS WHITE ROSE EDT-S 100ML,886266921149.0,21,110.0,35.95,,,0.0,972672.0,Perfumeclick.co.uk,£56.10 £561.00/L,https://www.idealo.co.uk/relocator/relocate?categoryId=3972&offerKey=d7622710f20f87e4ace5d296d419b796&offerListId=972672-FEB8D3BFCC65C96F453278F04769D5A4&pos=4&price=56.10&productid=972672&sid=69736&type=offer
01-FLO-WR-TS100,FLORIS WHITE ROSE EDT-S 100ML,886266921149.0,21,110.0,35.95,,,0.0,972672.0,onbuy.com,£66.93 £669.30/L,https://www.idealo.co.uk/relocator/relocate?categoryId=3972&offerKey=ca78e6643160129b676ceefc71e7c5bf&offerListId=972672-FEB8D3BFCC65C96F453278F04769D5A4&pos=5&price=66.93&productid=972672&sid=316895&type=offer
01-GBH-GIO-TS90,GIORGIO BEVERLY HILLS YELLOW EDT-S 90ML,716393009581.0,765,49.0,11.5,,,0.0,593771.0,,£15.28 £169.78/L,https://www.idealo.co.uk/relocator/relocate?categoryId=3972&offerKey=1c75c643143d155647e7182dea94752a&offerListId=593771-616B4FF26477917460258FC3EE54A78F&pos=1&price=15.28&productid=593771&sid=307734&type=offer
01-GBH-GIO-TS90,GIORGIO BEVERLY HILLS YELLOW EDT-S 90ML,716393009581.0,765,49.0,11.5,,,0.0,593771.0,Dressinn.com (UK),£17.99 £199.89/L,https://www.idealo.co.uk/relocator/relocate?categoryId=3972&offerKey=2da6da71fa404e85659816341cb543fe&offerListId=593771-616B4FF26477917460258FC3EE54A78F&pos=2&price=17.99&productid=593771&sid=318629&type=offer
01-GBH-GIO-TS90,GIORGIO BEVERLY HILLS YELLOW EDT-S 90ML,716393009581.0,765,49.0,11.5,,,0.0,593771.0,cosmetify.com,£17.99 £199.89/L,https://www.idealo.co.uk/relocator/relocate?categoryId=3972&offerKey=7e63383fb74d95168e33b367b75c251a&offerListId=593771-616B4FF26477917460258FC3EE54A78F&pos=3&price=17.99&productid=593771&sid=329503&type=offer
01-GBH-GIO-TS90,GIORGIO BEVERLY HILLS YELLOW EDT-S 90ML,716393009581.0,765,49.0,11.5,,,0.0,593771.0,perfumedirect.com,£17.99 £199.89/L,https://www.idealo.co.uk/relocator/relocate?categoryId=3972&offerKey=e2d63c9f44252b54f87146f58e2c5f08&offerListId=593771-616B4FF26477917460258FC3EE54A78F&pos=4&price=17.99&productid=593771&sid=318630&type=offer
01-GBH-GIO-TS90,GIORGIO BEVERLY HILLS YELLOW EDT-S 90ML,716393009581.0,765,49.0,11.5,,,0.0,593771.0,groupon.co.uk,£18.98 £210.89/L,https://www.idealo.co.uk/relocator/relocate?categoryId=3972&offerKey=95158f5a3cc22660549edaf448e1bd38&offerListId=593771-616B4FF26477917460258FC3EE54A78F&pos=5&price=18.98&productid=593771&sid=313205&type=offer
01-GBH-GIO-TS90,GIORGIO BEVERLY HILLS YELLOW EDT-S 90ML,716393009581.0,765,49.0,11.5,,,0.0,593771.0,amazon.co.uk,£19.15 £212.78/L,https://www.idealo.co.uk/relocator/relocate?categoryId=3972&offerKey=192e5a14dae0a5aa19947cad9095eaad&offerListId=593771-616B4FF26477917460258FC3EE54A78F&pos=6&price=19.15&productid=593771&sid=12004&type=offer
01-GBH-GIO-TS90,GIORGIO BEVERLY HILLS YELLOW EDT-S 90ML,716393009581.0,765,49.0,11.5,,,0.0,593771.0,allbeauty.com(UK),£19.15 £212.78/L,https://www.idealo.co.uk/relocator/relocate?categoryId=3972&offerKey=d83eec3739cc17b2c8710214493ee03d&offerListId=593771-616B4FF26477917460258FC3EE54A78F&pos=7&price=19.15&productid=593771&sid=28942&type=offer
01-GBH-GIO-TS90,GIORGIO BEVERLY HILLS YELLOW EDT-S 90ML,716393009581.0,765,49.0,11.5,,,0.0,593771.0,Perfumeclick.co.uk,£19.35 £215.00/L,https://www.idealo.co.uk/relocator/relocate?categoryId=3972&offerKey=c2cebbf79b54d943ab6da8d4944e03cf&offerListId=593771-616B4FF26477917460258FC3EE54A78F&pos=8&price=19.35&productid=593771&sid=69736&type=offer
01-GBH-GIO-TS90,GIORGIO BEVERLY HILLS YELLOW EDT-S 90ML,716393009581.0,765,49.0,11.5,,,0.0,593771.0,Fragrancedirect.co.uk,£19.95 £221.67/L,https://www.idealo.co.uk/relocator/relocate?categoryId=3972&offerKey=25a32bc53622f7cca51dd60e6ad8088e&offerListId=593771-616B4FF26477917460258FC3EE54A78F&pos=9&price=19.95&productid=593771&sid=21971&type=offer
01-GBH-GIO-TS90,GIORGIO BEVERLY HILLS YELLOW EDT-S 90ML,716393009581.0,765,49.0,11.5,,,0.0,593771.0,ebay.co.uk,£19.99 £222.11/L,https://www.idealo.co.uk/relocator/relocate?categoryId=3972&offerKey=ef6a93426d534e8acaae47fbe98b5d7f&offerListId=593771-616B4FF26477917460258FC3EE54A78F&pos=10&price=19.99&productid=593771&sid=22818&type=offer
01-GBH-GIO-TS90,GIORGIO BEVERLY HILLS YELLOW EDT-S 90ML,716393009581.0,765,49.0,11.5,,,0.0,593771.0,Perfumeshopping.com(UK),£20.30 £225.56/L,https://www.idealo.co.uk/relocator/relocate?categoryId=3972&offerKey=d3cd9fffb227294cdb0735cc1980bb01&offerListId=593771-616B4FF26477917460258FC3EE54A78F&pos=11&price=20.30&productid=593771&sid=282217&type=offer
01-GBH-GIO-TS90,GIORGIO BEVERLY HILLS YELLOW EDT-S 90ML,716393009581.0,765,49.0,11.5,,,0.0,593771.0,cosmetify.com,£20.32 £225.78/L,https://www.idealo.co.uk/relocator/relocate?categoryId=3972&offerKey=3049ecbc70bacd4e660511789ae1ada4&offerListId=593771-616B4FF26477917460258FC3EE54A78F&pos=12&price=20.32&productid=593771&sid=329503&type=offer
01-GBH-GIO-TS90,GIORGIO BEVERLY HILLS YELLOW EDT-S 90ML,716393009581.0,765,49.0,11.5,,,0.0,593771.0,my-origines.com(UK),£20.70 £230.00/L,https://www.idealo.co.uk/relocator/relocate?categoryId=3972&offerKey=17a699a5b30543795b95cace6691c722&offerListId=593771-616B4FF26477917460258FC3EE54A78F&pos=13&price=20.70&productid=593771&sid=328503&type=offer
01-GBH-GIO-TS90,GIORGIO BEVERLY HILLS YELLOW EDT-S 90ML,716393009581.0,765,49.0,11.5,,,0.0,593771.0,Boots.com (UK),£20.82 £231.33/L,https://www.idealo.co.uk/relocator/relocate?categoryId=3972&offerKey=4bec7f44922e36a575a535feab6b4712&offerListId=593771-616B4FF26477917460258FC3EE54A78F&pos=14&price=20.82&productid=593771&sid=27286&type=offer
01-GBH-GIO-TS90,GIORGIO BEVERLY HILLS YELLOW EDT-S 90ML,716393009581.0,765,49.0,11.5,,,0.0,593771.0,debenhams.com,£21.00 £233.33/L,https://www.idealo.co.uk/relocator/relocate?categoryId=3972&offerKey=ea865451afa7e7aad1edb148464c08c2&offerListId=593771-616B4FF26477917460258FC3EE54A78F&pos=15&price=21.00&productid=593771&sid=324109&type=offer
01-GBH-GIO-TS90,GIORGIO BEVERLY HILLS YELLOW EDT-S 90ML,716393009581.0,765,49.0,11.5,,,0.0,593771.0,cosmetify.com,£21.39 £237.67/L,https://www.idealo.co.uk/relocator/relocate?categoryId=3972&offerKey=827ab85c9c397aae45c5717651c6aa17&offerListId=593771-616B4FF26477917460258FC3EE54A78F&pos=16&price=21.39&productid=593771&sid=329503&type=offer
01-GBH-GIO-TS90,GIORGIO BEVERLY HILLS YELLOW EDT-S 90ML,716393009581.0,765,49.0,11.5,,,0.0,593771.0,Amazon-marketplace.co.uk,£21.50 £238.89/L,https://www.idealo.co.uk/relocator/relocate?categoryId=3972&offerKey=e50ff11b843e6877ab4f4ff893593536&offerListId=593771-616B4FF26477917460258FC3EE54A78F&pos=17&price=21.50&productid=593771&sid=22828&type=offer
01-GBH-GIO-TS90,GIORGIO BEVERLY HILLS YELLOW EDT-S 90ML,716393009581.0,765,49.0,11.5,,,0.0,593771.0,beautybase.com(UK),£22.00 £244.44/L,https://www.idealo.co.uk/relocator/relocate?categoryId=3972&offerKey=62dc176f0e6770b79b274f8d8deb2f54&offerListId=593771-616B4FF26477917460258FC3EE54A78F&pos=18&price=22.00&productid=593771&sid=299115&type=offer
01-GBH-GIO-TS90,GIORGIO BEVERLY HILLS YELLOW EDT-S 90ML,716393009581.0,765,49.0,11.5,,,0.0,593771.0,secretsales.com (UK),£22.95 £255.00/L,https://www.idealo.co.uk/relocator/relocate?categoryId=3972&offerKey=e89ab03c9720d5e66e1410cd1d6b2a44&offerListId=593771-616B4FF26477917460258FC3EE54A78F&pos=19&price=22.95&productid=593771&sid=324015&type=offer
01-GBH-GIO-TS90,GIORGIO BEVERLY HILLS YELLOW EDT-S 90ML,716393009581.0,765,49.0,11.5,,,0.0,593771.0,onbuy.com,£24.99 £277.67/L,https://www.idealo.co.uk/relocator/relocate?categoryId=3972&offerKey=2612510de243e07e4747e8c60e6c94dd&offerListId=593771-616B4FF26477917460258FC3EE54A78F&pos=20&price=24.99&productid=593771&sid=316895&type=offer
01-GH-GH-TS30,GHOST THE FRAGRANCE EDT-S 30ML,5050456311224.0,1000+,29.0,10.95,,,0.0,968656.0,Perfumeclick.co.uk,£17.05 £568.33/L,https://www.idealo.co.uk/relocator/relocate?categoryId=3972&offerKey=8495c580894085a71a710a11b3628bf3&offerListId=968656-D785F56CEB32C13A13B670E55C7A8B8D&pos=1&price=17.05&productid=968656&sid=69736&type=offer
01-GH-GH-TS30,GHOST THE FRAGRANCE EDT-S 30ML,5050456311224.0,1000+,29.0,10.95,,,0.0,968656.0,Perfumeshopping.com(UK),£17.22 £574.00/L,https://www.idealo.co.uk/relocator/relocate?categoryId=3972&offerKey=fc4d75fb6d36371459b3a9f95f7324a1&offerListId=968656-D785F56CEB32C13A13B670E55C7A8B8D&pos=2&price=17.22&productid=968656&sid=282217&type=offer
01-GH-GH-TS30,GHOST THE FRAGRANCE EDT-S 30ML,5050456311224.0,1000+,29.0,10.95,,,0.0,968656.0,Pharmacy2u.co.uk,£17.40 £580.00/L,https://www.idealo.co.uk/relocator/relocate?categoryId=3972&offerKey=da65c35a6105405dc81588eb7171c4e6&offerListId=968656-D785F56CEB32C13A13B670E55C7A8B8D&pos=3&price=17.40&productid=968656&sid=25468&type=offer
01-GH-GH-TS30,GHOST THE FRAGRANCE EDT-S 30ML,5050456311224.0,1000+,29.0,10.95,,,0.0,968656.0,onbuy.com,£18.50 £616.67/L,https://www.idealo.co.uk/relocator/relocate?categoryId=3972&offerKey=eb3892df040070bea87e9b161506e7f4&offerListId=968656-D785F56CEB32C13A13B670E55C7A8B8D&pos=4&price=18.50&productid=968656&sid=316895&type=offer
01-GH-GH-TS30,GHOST THE FRAGRANCE EDT-S 30ML,5050456311224.0,1000+,29.0,10.95,,,0.0,968656.0,amazon.co.uk,£18.95 £631.67/L,https://www.idealo.co.uk/relocator/relocate?categoryId=3972&offerKey=a175cad3a1204ed6ab0dd09444f2a399&offerListId=968656-D785F56CEB32C13A13B670E55C7A8B8D&pos=5&price=18.95&productid=968656&sid=12004&type=offer
01-GH-GH-TS30,GHOST THE FRAGRANCE EDT-S 30ML,5050456311224.0,1000+,29.0,10.95,,,0.0,968656.0,Thefragrancecounter.com (UK),£19.95 £665.00/L,https://www.idealo.co.uk/relocator/relocate?categoryId=3972&offerKey=f12c75036adf17299781237a86ef345e&offerListId=968656-D785F56CEB32C13A13B670E55C7A8B8D&pos=6&price=19.95&productid=968656&sid=299378&type=offer
01-GH-GH-TS30,GHOST THE FRAGRANCE EDT-S 30ML,5050456311224.0,1000+,29.0,10.95,,,0.0,968656.0,ebay.co.uk,£19.99 £666.33/L,https://www.idealo.co.uk/relocator/relocate?categoryId=3972&offerKey=86d206b7712fe9cb787d17e96c56b87c&offerListId=968656-D785F56CEB32C13A13B670E55C7A8B8D&pos=7&price=19.99&productid=968656&sid=22818&type=offer
01-GH-GH-TS30,GHOST THE FRAGRANCE EDT-S 30ML,5050456311224.0,1000+,29.0,10.95,,,0.0,968656.0,Lookfantastic.com (UK),£20.30 £676.67/L,https://www.idealo.co.uk/relocator/relocate?categoryId=3972&offerKey=646ede5bc9eeaf92cce08d46a7a06f3f&offerListId=968656-D785F56CEB32C13A13B670E55C7A8B8D&pos=8&price=20.30&productid=968656&sid=24416&type=offer
01-GH-GH-TS30,GHOST THE FRAGRANCE EDT-S 30ML,5050456311224.0,1000+,29.0,10.95,,,0.0,968656.0,cosmetify.com,£20.99 £699.67/L,https://www.idealo.co.uk/relocator/relocate?categoryId=3972&offerKey=c30b4982a3f3c72a5a2bc80b44e1aeb1&offerListId=968656-D785F56CEB32C13A13B670E55C7A8B8D&pos=9&price=20.99&productid=968656&sid=329503&type=offer
01-GH-GH-TS30,GHOST THE FRAGRANCE EDT-S 30ML,5050456311224.0,1000+,29.0,10.95,,,0.0,968656.0,perfumedirect.com,£20.99 £699.67/L,https://www.idealo.co.uk/relocator/relocate?categoryId=3972&offerKey=8545b397d44a68cf781dc3e1f567718e&offerListId=968656-D785F56CEB32C13A13B670E55C7A8B8D&pos=10&price=20.99&productid=968656&sid=318630&type=offer
01-GH-GH-TS30,GHOST THE FRAGRANCE EDT-S 30ML,5050456311224.0,1000+,29.0,10.95,,,0.0,968656.0,Perfumeshopping.com(UK),£21.19 £706.33/L,https://www.idealo.co.uk/relocator/relocate?categoryId=3972&offerKey=351c4aff0cdfb3e13877844c01c1549d&offerListId=968656-D785F56CEB32C13A13B670E55C7A8B8D&pos=11&price=21.19&productid=968656&sid=282217&type=offer
01-GH-GH-TS30,GHOST THE FRAGRANCE EDT-S 30ML,5050456311224.0,1000+,29.0,10.95,,,0.0,968656.0,groupon.co.uk,£21.98 £732.67/L,https://www.idealo.co.uk/relocator/relocate?categoryId=3972&offerKey=974a761c2d4219725f8469c818f60bc1&offerListId=968656-D785F56CEB32C13A13B670E55C7A8B8D&pos=12&price=21.98&productid=968656&sid=313205&type=offer
01-GH-GH-TS30,GHOST THE FRAGRANCE EDT-S 30ML,5050456311224.0,1000+,29.0,10.95,,,0.0,968656.0,Amazon-marketplace.co.uk,£22.00 £733.33/L,https://www.idealo.co.uk/relocator/relocate?categoryId=3972&offerKey=86941c707f4085fd5d855f2c4903d208&offerListId=968656-D785F56CEB32C13A13B670E55C7A8B8D&pos=13&price=22.00&productid=968656&sid=22828&type=offer
01-GH-GH-TS30,GHOST THE FRAGRANCE EDT-S 30ML,5050456311224.0,1000+,29.0,10.95,,,0.0,968656.0,notino.co.uk,£22.30 £743.33/L,https://www.idealo.co.uk/relocator/relocate?categoryId=3972&offerKey=0360f6c0b3f2ff5b1aea53f3bd4c87fd&offerListId=968656-D785F56CEB32C13A13B670E55C7A8B8D&pos=14&price=22.30&productid=968656&sid=307734&type=offer
01-GH-GH-TS30,GHOST THE FRAGRANCE EDT-S 30ML,5050456311224.0,1000+,29.0,10.95,,,0.0,968656.0,escentual.com(UK),£22.40 £746.67/L,https://www.idealo.co.uk/relocator/relocate?categoryId=3972&offerKey=63607def38f6c0ca34afcb04b15a6280&offerListId=968656-D785F56CEB32C13A13B670E55C7A8B8D&pos=15&price=22.40&productid=968656&sid=21988&type=offer
01-GH-GH-TS30,GHOST THE FRAGRANCE EDT-S 30ML,5050456311224.0,1000+,29.0,10.95,,,0.0,968656.0,Therange.co.uk,£22.68 £756.00/L,https://www.idealo.co.uk/relocator/relocate?categoryId=3972&offerKey=b19c444b85e2120f5c84fe7823dea8b9&offerListId=968656-D785F56CEB32C13A13B670E55C7A8B8D&pos=16&price=22.68&productid=968656&sid=288194&type=offer
01-GH-GH-TS30,GHOST THE FRAGRANCE EDT-S 30ML,5050456311224.0,1000+,29.0,10.95,,,0.0,968656.0,onbuy.com,£22.94 £764.67/L,https://www.idealo.co.uk/relocator/relocate?categoryId=3972&offerKey=5968ce02c61d1ec2b453d1b8d4e1450f&offerListId=968656-D785F56CEB32C13A13B670E55C7A8B8D&pos=17&price=22.94&productid=968656&sid=316895&type=offer
01-GH-GH-TS30,GHOST THE FRAGRANCE EDT-S 30ML,5050456311224.0,1000+,29.0,10.95,,,0.0,968656.0,debenhams.com,£23.20 £773.33/L,https://www.idealo.co.uk/relocator/relocate?categoryId=3972&offerKey=eeb8aa6637accf3fb67fde3e5d018beb&offerListId=968656-D785F56CEB32C13A13B670E55C7A8B8D&pos=18&price=23.20&productid=968656&sid=324109&type=offer
01-GH-GH-TS30,GHOST THE FRAGRANCE EDT-S 30ML,5050456311224.0,1000+,29.0,10.95,,,0.0,968656.0,secretsales.com (UK),£23.33 £777.67/L,https://www.idealo.co.uk/relocator/relocate?categoryId=3972&offerKey=d6056d006889e0053fb163ae8df8262b&offerListId=968656-D785F56CEB32C13A13B670E55C7A8B8D&pos=19&price=23.33&productid=968656&sid=324015&type=offer
01-GH-GH-TS30,GHOST THE FRAGRANCE EDT-S 30ML,5050456311224.0,1000+,29.0,10.95,,,0.0,968656.0,Expresschemist.co.uk,£23.99 £799.67/L,https://www.idealo.co.uk/relocator/relocate?categoryId=3972&offerKey=ddb8d6e6943fae92cec79ecc4e80dc50&offerListId=968656-D785F56CEB32C13A13B670E55C7A8B8D&pos=20&price=23.99&productid=968656&sid=22167&type=offer
01-GH-GH-TS50,GHOST THE FRAGRANCE EDT-S 50ML,5050456312009.0,1000+,40.0,15.95,,,0.0,966985.0,amazon.co.uk,£20.00 £400.00/L,https://www.idealo.co.uk/relocator/relocate?categoryId=3972&offerKey=1ced4abc1a3c8d8b738ff2e42ceeaf85&offerListId=966985-DEC42863E3BE3595DFE1040B59AB21CE&pos=1&price=20.00&productid=966985&sid=12004&type=offer
01-GH-GH-TS50,GHOST THE FRAGRANCE EDT-S 50ML,5050456312009.0,1000+,40.0,15.95,,,0.0,966985.0,Boots.com (UK),£20.00 £400.00/L,https://www.idealo.co.uk/relocator/relocate?categoryId=3972&offerKey=fe986507e742a589f3d32513c3e72947&offerListId=966985-DEC42863E3BE3595DFE1040B59AB21CE&pos=2&price=20.00&productid=966985&sid=27286&type=offer
01-GH-GH-TS50,GHOST THE FRAGRANCE EDT-S 50ML,5050456312009.0,1000+,40.0,15.95,,,0.0,966985.0,Perfumeshopping.com(UK),£20.89 £417.80/L,https://www.idealo.co.uk/relocator/relocate?categoryId=3972&offerKey=90d0eabca0e7270b81e19bcd6ff7717b&offerListId=966985-DEC42863E3BE3595DFE1040B59AB21CE&pos=3&price=20.89&productid=966985&sid=282217&type=offer
01-GH-GH-TS50,GHOST THE FRAGRANCE EDT-S 50ML,5050456312009.0,1000+,40.0,15.95,,,0.0,966985.0,ebay.co.uk,£22.00 £440.00/L,https://www.idealo.co.uk/relocator/relocate?categoryId=3972&offerKey=2431b01e52679adc701b5ebda10958d7&offerListId=966985-DEC42863E3BE3595DFE1040B59AB21CE&pos=4&price=22.00&productid=966985&sid=22818&type=offer
01-GH-GH-TS50,GHOST THE FRAGRANCE EDT-S 50ML,5050456312009.0,1000+,40.0,15.95,,,0.0,966985.0,escentual.com(UK),£22.80 £456.00/L,https://www.idealo.co.uk/relocator/relocate?categoryId=3972&offerKey=9d06153fb89bb7e7abbf533d79b66374&offerListId=966985-DEC42863E3BE3595DFE1040B59AB21CE&pos=5&price=22.80&productid=966985&sid=21988&type=offer
01-GH-GH-TS50,GHOST THE FRAGRANCE EDT-S 50ML,5050456312009.0,1000+,40.0,15.95,,,0.0,966985.0,cosmetify.com,£24.99 £499.80/L,https://www.idealo.co.uk/relocator/relocate?categoryId=3972&offerKey=7957dc6ba203316e91adaea186c71422&offerListId=966985-DEC42863E3BE3595DFE1040B59AB21CE&pos=6&price=24.99&productid=966985&sid=329503&type=offer
01-GH-GH-TS50,GHOST THE FRAGRANCE EDT-S 50ML,5050456312009.0,1000+,40.0,15.95,,,0.0,966985.0,perfumedirect.com,£24.99 £499.80/L,https://www.idealo.co.uk/relocator/relocate?categoryId=3972&offerKey=63d43841fe0e8af0544ebaddfc22f8fb&offerListId=966985-DEC42863E3BE3595DFE1040B59AB21CE&pos=7&price=24.99&productid=966985&sid=318630&type=offer
01-GH-GH-TS50,GHOST THE FRAGRANCE EDT-S 50ML,5050456312009.0,1000+,40.0,15.95,,,0.0,966985.0,bodycareonline.co.uk,£25.49 £509.80/L,https://www.idealo.co.uk/relocator/relocate?categoryId=3972&offerKey=d174e2e4500df874e7d435bace05e970&offerListId=966985-DEC42863E3BE3595DFE1040B59AB21CE&pos=8&price=25.49&productid=966985&sid=332851&type=offer
01-GH-GH-TS50,GHOST THE FRAGRANCE EDT-S 50ML,5050456312009.0,1000+,40.0,15.95,,,0.0,966985.0,groupon.co.uk,£26.99 £539.80/L,https://www.idealo.co.uk/relocator/relocate?categoryId=3972&offerKey=35b8cc7dd8e9ae9f83462a0be815965d&offerListId=966985-DEC42863E3BE3595DFE1040B59AB21CE&pos=9&price=26.99&productid=966985&sid=313205&type=offer
01-GH-GH-TS50,GHOST THE FRAGRANCE EDT-S 50ML,5050456312009.0,1000+,40.0,15.95,,,0.0,966985.0,Amazon-marketplace.co.uk,£28.99 £579.80/L,https://www.idealo.co.uk/relocator/relocate?categoryId=3972&offerKey=a687ad50387cc18d2a5ea892cfe1eb14&offerListId=966985-DEC42863E3BE3595DFE1040B59AB21CE&pos=10&price=28.99&productid=966985&sid=22828&type=offer
01-GH-GH-TS50,GHOST THE FRAGRANCE EDT-S 50ML,5050456312009.0,1000+,40.0,15.95,,,0.0,966985.0,onbuy.com,£28.99 £579.80/L,https://www.idealo.co.uk/relocator/relocate?categoryId=3972&offerKey=8fc5214ba90d543c8dffa982ee9f845f&offerListId=966985-DEC42863E3BE3595DFE1040B59AB21CE&pos=11&price=28.99&productid=966985&sid=316895&type=offer
01-GH-GH-TS50,GHOST THE FRAGRANCE EDT-S 50ML,5050456312009.0,1000+,40.0,15.95,,,0.0,966985.0,onbuy.com,£31.83 £636.60/L,https://www.idealo.co.uk/relocator/relocate?categoryId=3972&offerKey=f3e8401878fbba67af57adf1d81a8312&offerListId=966985-DEC42863E3BE3595DFE1040B59AB21CE&pos=12&price=31.83&productid=966985&sid=316895&type=offer
01-GH-GH-TS50,GHOST THE FRAGRANCE EDT-S 50ML,5050456312009.0,1000+,40.0,15.95,,,0.0,966985.0,debenhams.com,£33.00 £660.00/L,https://www.idealo.co.uk/relocator/relocate?categoryId=3972&offerKey=7b16676b5692d699376fed7368dd0f19&offerListId=966985-DEC42863E3BE3595DFE1040B59AB21CE&pos=13&price=33.00&productid=966985&sid=324109&type=offer
01-GH-GH-TS50,GHOST THE FRAGRANCE EDT-S 50ML,5050456312009.0,1000+,40.0,15.95,,,0.0,966985.0,beautybase.com(UK),£33.00 £660.00/L,https://www.idealo.co.uk/relocator/relocate?categoryId=3972&offerKey=e129e5fcbdf77a1821d9f6518886ac57&offerListId=966985-DEC42863E3BE3595DFE1040B59AB21CE&pos=14&price=33.00&productid=966985&sid=299115&type=offer
01-GH-GH-TS50,GHOST THE FRAGRANCE EDT-S 50ML,5050456312009.0,1000+,40.0,15.95,,,0.0,966985.0,Therange.co.uk,£33.29 £665.80/L,https://www.idealo.co.uk/relocator/relocate?categoryId=3972&offerKey=e4b19bfc8b8f6d06cb7d8115d99b5387&offerListId=966985-DEC42863E3BE3595DFE1040B59AB21CE&pos=15&price=33.29&productid=966985&sid=288194&type=offer
01-GH-GH-TS50,GHOST THE FRAGRANCE EDT-S 50ML,5050456312009.0,1000+,40.0,15.95,,,0.0,966985.0,JDwilliams.co.uk,£34.00 £680.00/L,https://www.idealo.co.uk/relocator/relocate?categoryId=3972&offerKey=d3c169f69a7c0d4d304572bf30fdb6f7&offerListId=966985-DEC42863E3BE3595DFE1040B59AB21CE&pos=16&price=34.00&productid=966985&sid=273150&type=offer
01-GH-GH-TS50,GHOST THE FRAGRANCE EDT-S 50ML,5050456312009.0,1000+,40.0,15.95,,,0.0,966985.0,secretsales.com (UK),£34.49 £689.80/L,https://www.idealo.co.uk/relocator/relocate?categoryId=3972&offerKey=1a1e6132665438df340153e7942087bb&offerListId=966985-DEC42863E3BE3595DFE1040B59AB21CE&pos=17&price=34.49&productid=966985&sid=324015&type=offer
01-GH-GH-TS50,GHOST THE FRAGRANCE EDT-S 50ML,5050456312009.0,1000+,40.0,15.95,,,0.0,966985.0,pampa.co.uk,£34.80 £696.00/L,https://www.idealo.co.uk/relocator/relocate?categoryId=3972&offerKey=367a62101b12637125acfc1acf6efa05&offerListId=966985-DEC42863E3BE3595DFE1040B59AB21CE&pos=18&price=34.80&productid=966985&sid=329455&type=offer
01-GH-GH-TS50,GHOST THE FRAGRANCE EDT-S 50ML,5050456312009.0,1000+,40.0,15.95,,,0.0,966985.0,allbeauty.com(UK),£35.50 £710.00/L,https://www.idealo.co.uk/relocator/relocate?categoryId=3972&offerKey=dfb34cfdb0333d0a2eea733ed8b77c77&offerListId=966985-DEC42863E3BE3595DFE1040B59AB21CE&pos=19&price=35.50&productid=966985&sid=28942&type=offer
01-GH-GH-TS50,GHOST THE FRAGRANCE EDT-S 50ML,5050456312009.0,1000+,40.0,15.95,,,0.0,966985.0,Fragrancedirect.co.uk,£35.50 £710.00/L,https://www.idealo.co.uk/relocator/relocate?categoryId=3972&offerKey=52db64d830edfd55a3bad1f92ad781e4&offerListId=966985-DEC42863E3BE3595DFE1040B59AB21CE&pos=20&price=35.50&productid=966985&sid=21971&type=offer
01-GH-SH-TS30,GHOST SWEETHEART EDT-S 30ML,5050456311217.0,989,29.0,10.5,,,0.0,1028260.0,Perfumeclick.co.uk,£17.65 £588.33/L,https://www.idealo.co.uk/relocator/relocate?categoryId=3972&offerKey=e3de09999d0759b6b7a2746e74e4f946&offerListId=1028260-606F796FB409D7E036CC92092E828992&pos=1&price=17.65&productid=1028260&sid=69736&type=offer
01-GH-SH-TS30,GHOST SWEETHEART EDT-S 30ML,5050456311217.0,989,29.0,10.5,,,0.0,1028260.0,Amazon-marketplace.co.uk,£17.94 £598.00/L,https://www.idealo.co.uk/relocator/relocate?categoryId=3972&offerKey=25cb0ef12f41de13ec850d82cdb73fbf&offerListId=1028260-606F796FB409D7E036CC92092E828992&pos=2&price=17.94&productid=1028260&sid=22828&type=offer
01-GH-SH-TS30,GHOST SWEETHEART EDT-S 30ML,5050456311217.0,989,29.0,10.5,,,0.0,1028260.0,cosmetify.com,£17.99 £599.67/L,https://www.idealo.co.uk/relocator/relocate?categoryId=3972&offerKey=81ef8fce81c8d2af69efd13b9aed238d&offerListId=1028260-606F796FB409D7E036CC92092E828992&pos=3&price=17.99&productid=1028260&sid=329503&type=offer
01-GH-SH-TS30,GHOST SWEETHEART EDT-S 30ML,5050456311217.0,989,29.0,10.5,,,0.0,1028260.0,perfumedirect.com,£17.99 £599.67/L,https://www.idealo.co.uk/relocator/relocate?categoryId=3972&offerKey=255f9b15cf6bdd824a11efdd6fe6bcee&offerListId=1028260-606F796FB409D7E036CC92092E828992&pos=4&price=17.99&productid=1028260&sid=318630&type=offer
01-GH-SH-TS30,GHOST SWEETHEART EDT-S 30ML,5050456311217.0,989,29.0,10.5,,,0.0,1028260.0,Tjhughes.co.uk,£18.00 £600.00/L,https://www.idealo.co.uk/relocator/relocate?categoryId=3972&offerKey=a55ae465cf1ff21ea42b36389fca4cca&offerListId=1028260-606F796FB409D7E036CC92092E828992&pos=5&price=18.00&productid=1028260&sid=28759&type=offer
01-GH-SH-TS30,GHOST SWEETHEART EDT-S 30ML,5050456311217.0,989,29.0,10.5,,,0.0,1028260.0,Clearchemist.co.uk,£18.61 £620.33/L,https://www.idealo.co.uk/relocator/relocate?categoryId=3972&offerKey=e9e86460c7ae50a36d68d4ad35569e4d&offerListId=1028260-606F796FB409D7E036CC92092E828992&pos=6&price=18.61&productid=1028260&sid=289670&type=offer
01-GH-SH-TS30,GHOST SWEETHEART EDT-S 30ML,5050456311217.0,989,29.0,10.5,,,0.0,1028260.0,amazon.co.uk,£19.40 £646.67/L,https://www.idealo.co.uk/relocator/relocate?categoryId=3972&offerKey=02dc1833366fef1fe8d4981308891763&offerListId=1028260-606F796FB409D7E036CC92092E828992&pos=7&price=19.40&productid=1028260&sid=12004&type=offer
01-GH-SH-TS30,GHOST SWEETHEART EDT-S 30ML,5050456311217.0,989,29.0,10.5,,,0.0,1028260.0,onbuy.com,£19.44 £648.00/L,https://www.idealo.co.uk/relocator/relocate?categoryId=3972&offerKey=c6cc6e94924c9fb33ab598eab1d626d8&offerListId=1028260-606F796FB409D7E036CC92092E828992&pos=8&price=19.44&productid=1028260&sid=316895&type=offer
01-GH-SH-TS30,GHOST SWEETHEART EDT-S 30ML,5050456311217.0,989,29.0,10.5,,,0.0,1028260.0,ebay.co.uk,£19.45 £648.33/L,https://www.idealo.co.uk/relocator/relocate?categoryId=3972&offerKey=e474689ccd78c9d24cbee37fda1c819f&offerListId=1028260-606F796FB409D7E036CC92092E828992&pos=9&price=19.45&productid=1028260&sid=22818&type=offer
01-GH-SH-TS30,GHOST SWEETHEART EDT-S 30ML,5050456311217.0,989,29.0,10.5,,,0.0,1028260.0,Perfumeclick.co.uk,£19.90 £663.33/L,https://www.idealo.co.uk/relocator/relocate?categoryId=3972&offerKey=16c893f867e6d8b89ea74abecf9c6408&offerListId=1028260-606F796FB409D7E036CC92092E828992&pos=10&price=19.90&productid=1028260&sid=69736&type=offer
01-GH-SH-TS30,GHOST SWEETHEART EDT-S 30ML,5050456311217.0,989,29.0,10.5,,,0.0,1028260.0,Expresschemist.co.uk,£19.99 £666.33/L,https://www.idealo.co.uk/relocator/relocate?categoryId=3972&offerKey=7d4f473f7e7e2ae0f86dac648d55d575&offerListId=1028260-606F796FB409D7E036CC92092E828992&pos=11&price=19.99&productid=1028260&sid=22167&type=offer
01-GH-SH-TS30,GHOST SWEETHEART EDT-S 30ML,5050456311217.0,989,29.0,10.5,,,0.0,1028260.0,Very.co.uk,£20.00 £666.67/L,https://www.idealo.co.uk/relocator/relocate?categoryId=3972&offerKey=6aec8121ce9984769bccdf61e1547d62&offerListId=1028260-606F796FB409D7E036CC92092E828992&pos=12&price=20.00&productid=1028260&sid=25214&type=offer
01-GH-SH-TS30,GHOST SWEETHEART EDT-S 30ML,5050456311217.0,989,29.0,10.5,,,0.0,1028260.0,cosmetify.com,£20.90 £696.67/L,https://www.idealo.co.uk/relocator/relocate?categoryId=3972&offerKey=86e95570d812add8162a4b857b861099&offerListId=1028260-606F796FB409D7E036CC92092E828992&pos=13&price=20.90&productid=1028260&sid=329503&type=offer
01-GH-SH-TS30,GHOST SWEETHEART EDT-S 30ML,5050456311217.0,989,29.0,10.5,,,0.0,1028260.0,Thefragrancecounter.com (UK),£21.75 £725.00/L,https://www.idealo.co.uk/relocator/relocate?categoryId=3972&offerKey=777c567101b96f66f508ec7c959e74bc&offerListId=1028260-606F796FB409D7E036CC92092E828992&pos=14&price=21.75&productid=1028260&sid=299378&type=offer
01-GH-SH-TS30,GHOST SWEETHEART EDT-S 30ML,5050456311217.0,989,29.0,10.5,,,0.0,1028260.0,onbuy.com,£21.82 £727.33/L,https://www.idealo.co.uk/relocator/relocate?categoryId=3972&offerKey=ac39477b83d946d210ee40a1b1280ccb&offerListId=1028260-606F796FB409D7E036CC92092E828992&pos=15&price=21.82&productid=1028260&sid=316895&type=offer
01-GH-SH-TS30,GHOST SWEETHEART EDT-S 30ML,5050456311217.0,989,29.0,10.5,,,0.0,1028260.0,onbuy.com,£22.45 £748.33/L,https://www.idealo.co.uk/relocator/relocate?categoryId=3972&offerKey=cd11c61e4665f633c5187fabc32d3847&offerListId=1028260-606F796FB409D7E036CC92092E828992&pos=16&price=22.45&productid=1028260&sid=316895&type=offer
01-GH-SH-TS30,GHOST SWEETHEART EDT-S 30ML,5050456311217.0,989,29.0,10.5,,,0.0,1028260.0,pampa.co.uk,£22.80 £760.00/L,https://www.idealo.co.uk/relocator/relocate?categoryId=3972&offerKey=12e94d81fcd2afded6d52e0dfbfd3e01&offerListId=1028260-606F796FB409D7E036CC92092E828992&pos=17&price=22.80&productid=1028260&sid=329455&type=offer
01-GH-SH-TS30,GHOST SWEETHEART EDT-S 30ML,5050456311217.0,989,29.0,10.5,,,0.0,1028260.0,unineed.com,£22.99 £766.33/L,https://www.idealo.co.uk/relocator/relocate?categoryId=3972&offerKey=1e1b8d242715308f5c88761ed1fe476b&offerListId=1028260-606F796FB409D7E036CC92092E828992&pos=18&price=22.99&productid=1028260&sid=314440&type=offer
01-GH-SH-TS30,GHOST SWEETHEART EDT-S 30ML,5050456311217.0,989,29.0,10.5,,,0.0,1028260.0,debenhams.com,£23.20 £773.33/L,https://www.idealo.co.uk/relocator/relocate?categoryId=3972&offerKey=8b094ce36a6874e5a161dc74ce1553fb&offerListId=1028260-606F796FB409D7E036CC92092E828992&pos=19&price=23.20&productid=1028260&sid=324109&type=offer
01-GH-SH-TS30,GHOST SWEETHEART EDT-S 30ML,5050456311217.0,989,29.0,10.5,,,0.0,1028260.0,allbeauty.com(UK),£24.00 £800.00/L,https://www.idealo.co.uk/relocator/relocate?categoryId=3972&offerKey=7d8fc790c633cecc4efc1ecff1c13338&offerListId=1028260-606F796FB409D7E036CC92092E828992&pos=20&price=24.00&productid=1028260&sid=28942&type=offer
01-GIV-AMAR-TS100,GIVENCHY AMARIGE EDT-S 100ML,3274878122561.0,455,109.0,35.5,,,0.0,590991.0,Amazon-marketplace.co.uk,£43.82 £438.20/L,https://www.idealo.co.uk/relocator/relocate?categoryId=3972&offerKey=8fd55753895d6476b0e1a0efd05b90d3&offerListId=590991-3E5C3CE15D34D3C7E00623575FCC42D0&pos=1&price=43.82&productid=590991&sid=22828&type=offer
01-GIV-AMAR-TS100,GIVENCHY AMARIGE EDT-S 100ML,3274878122561.0,455,109.0,35.5,,,0.0,590991.0,ebay.co.uk,£49.99 £49.99/L,https://www.idealo.co.uk/relocator/relocate?categoryId=3972&offerKey=dc7552302d457095da1e48b8de97266d&offerListId=590991-3E5C3CE15D34D3C7E00623575FCC42D0&pos=2&price=49.99&productid=590991&sid=22818&type=offer
01-GIV-AMAR-TS100,GIVENCHY AMARIGE EDT-S 100ML,3274878122561.0,455,109.0,35.5,,,0.0,590991.0,cosmetify.com,£52.99 £529.90/L,https://www.idealo.co.uk/relocator/relocate?categoryId=3972&offerKey=ff478a2a6ce80c127002e88d1b10f1df&offerListId=590991-3E5C3CE15D34D3C7E00623575FCC42D0&pos=3&price=52.99&productid=590991&sid=329503&type=offer
01-GIV-AMAR-TS100,GIVENCHY AMARIGE EDT-S 100ML,3274878122561.0,455,109.0,35.5,,,0.0,590991.0,perfumedirect.com,£52.99 £529.90/L,https://www.idealo.co.uk/relocator/relocate?categoryId=3972&offerKey=de7a565fa6b8fa46206e26bc48ce99d8&offerListId=590991-3E5C3CE15D34D3C7E00623575FCC42D0&pos=4&price=52.99&productid=590991&sid=318630&type=offer
01-GIV-AMAR-TS100,GIVENCHY AMARIGE EDT-S 100ML,3274878122561.0,455,109.0,35.5,,,0.0,590991.0,perfumeuk.co.uk,£55.00 £550.00/L,https://www.idealo.co.uk/relocator/relocate?categoryId=3972&offerKey=a09fa80b57c85a5ae23a8bbc9e43d7ac&offerListId=590991-3E5C3CE15D34D3C7E00623575FCC42D0&pos=5&price=55.00&productid=590991&sid=323991&type=offer
01-GIV-AMAR-TS100,GIVENCHY AMARIGE EDT-S 100ML,3274878122561.0,455,109.0,35.5,,,0.0,590991.0,scentubeauty.co.uk,£55.00 £550.00/L,https://www.idealo.co.uk/relocator/relocate?categoryId=3972&offerKey=d692edaa980d8d69ea53dee6b67382bf&offerListId=590991-3E5C3CE15D34D3C7E00623575FCC42D0&pos=6&price=55.00&productid=590991&sid=333156&type=offer
01-GIV-AMAR-TS100,GIVENCHY AMARIGE EDT-S 100ML,3274878122561.0,455,109.0,35.5,,,0.0,590991.0,Boots.com (UK),£55.67 £556.70/L,https://www.idealo.co.uk/relocator/relocate?categoryId=3972&offerKey=0d7db80c550de2525d685ddd85cf149b&offerListId=590991-3E5C3CE15D34D3C7E00623575FCC42D0&pos=7&price=55.67&productid=590991&sid=27286&type=offer
01-GIV-AMAR-TS100,GIVENCHY AMARIGE EDT-S 100ML,3274878122561.0,455,109.0,35.5,,,0.0,590991.0,Perfumeclick.co.uk,£56.25 £562.50/L,https://www.idealo.co.uk/relocator/relocate?categoryId=3972&offerKey=3ebcbbb136ad2459855362299877f8d4&offerListId=590991-3E5C3CE15D34D3C7E00623575FCC42D0&pos=8&price=56.25&productid=590991&sid=69736&type=offer
01-GIV-AMAR-TS100,GIVENCHY AMARIGE EDT-S 100ML,3274878122561.0,455,109.0,35.5,,,0.0,590991.0,allbeauty.com(UK),£59.95 £599.50/L,https://www.idealo.co.uk/relocator/relocate?categoryId=3972&offerKey=4ff9699fabb4dc910de3001638f0aa14&offerListId=590991-3E5C3CE15D34D3C7E00623575FCC42D0&pos=9&price=59.95&productid=590991&sid=28942&type=offer
01-GIV-AMAR-TS100,GIVENCHY AMARIGE EDT-S 100ML,3274878122561.0,455,109.0,35.5,,,0.0,590991.0,secretsales.com (UK),£59.97 £599.70/L,https://www.idealo.co.uk/relocator/relocate?categoryId=3972&offerKey=8438d554eeae839df20503eb326e6597&offerListId=590991-3E5C3CE15D34D3C7E00623575FCC42D0&pos=10&price=59.97&productid=590991&sid=324015&type=offer
01-GIV-AMAR-TS100,GIVENCHY AMARIGE EDT-S 100ML,3274878122561.0,455,109.0,35.5,,,0.0,590991.0,onbuy.com,£61.98 £619.80/L,https://www.idealo.co.uk/relocator/relocate?categoryId=3972&offerKey=4ec8b6fb4bbfe2540a4e0368bd086832&offerListId=590991-3E5C3CE15D34D3C7E00623575FCC42D0&pos=11&price=61.98&productid=590991&sid=316895&type=offer
01-GIV-AMAR-TS100,GIVENCHY AMARIGE EDT-S 100ML,3274878122561.0,455,109.0,35.5,,,0.0,590991.0,Perfumeshopping.com(UK),£65.56 £655.60/L,https://www.idealo.co.uk/relocator/relocate?categoryId=3972&offerKey=1a35e76d2b49de868b857b5a6ea1b532&offerListId=590991-3E5C3CE15D34D3C7E00623575FCC42D0&pos=12&price=65.56&productid=590991&sid=282217&type=offer
01-GIV-AMAR-TS100,GIVENCHY AMARIGE EDT-S 100ML,3274878122561.0,455,109.0,35.5,,,0.0,590991.0,my-origines.com(UK),£69.14 £691.40/L,https://www.idealo.co.uk/relocator/relocate?categoryId=3972&offerKey=968ce2b59d0b5fefb5f96f16ebb3d174&offerListId=590991-3E5C3CE15D34D3C7E00623575FCC42D0&pos=13&price=69.14&productid=590991&sid=328503&type=offer
01-GIV-AMAR-TS100,GIVENCHY AMARIGE EDT-S 100ML,3274878122561.0,455,109.0,35.5,,,0.0,590991.0,beautybase.com(UK),£69.95 £699.50/L,https://www.idealo.co.uk/relocator/relocate?categoryId=3972&offerKey=0f4f8ea44036de60bdda800001f2c53e&offerListId=590991-3E5C3CE15D34D3C7E00623575FCC42D0&pos=14&price=69.95&productid=590991&sid=299115&type=offer
01-GIV-AMAR-TS100,GIVENCHY AMARIGE EDT-S 100ML,3274878122561.0,455,109.0,35.5,,,0.0,590991.0,,£73.44 £734.40/L,https://www.idealo.co.uk/relocator/relocate?categoryId=3972&offerKey=310f4197fba4084d5492616ea2115c5c&offerListId=590991-3E5C3CE15D34D3C7E00623575FCC42D0&pos=15&price=73.44&productid=590991&sid=307734&type=offer
01-GIV-AMAR-TS100,GIVENCHY AMARIGE EDT-S 100ML,3274878122561.0,455,109.0,35.5,,,0.0,590991.0,onbuy.com,£78.29 £782.90/L,https://www.idealo.co.uk/relocator/relocate?categoryId=3972&offerKey=06315eace97f8a8e3e49e3e99a0dd68c&offerListId=590991-3E5C3CE15D34D3C7E00623575FCC42D0&pos=16&price=78.29&productid=590991&sid=316895&type=offer
01-GIV-AMAR-TS100,GIVENCHY AMARIGE EDT-S 100ML,3274878122561.0,455,109.0,35.5,,,0.0,590991.0,amazon.co.uk,£81.50 £815.00/L,https://www.idealo.co.uk/relocator/relocate?categoryId=3972&offerKey=5857b5c747f20bccde3821b632e2c054&offerListId=590991-3E5C3CE15D34D3C7E00623575FCC42D0&pos=17&price=81.50&productid=590991&sid=12004&type=offer
01-GIV-AMAR-TS100,GIVENCHY AMARIGE EDT-S 100ML,3274878122561.0,455,109.0,35.5,,,0.0,590991.0,Fragrancedirect.co.uk,£81.50 £815.00/L,https://www.idealo.co.uk/relocator/relocate?categoryId=3972&offerKey=1d99f60fcd5b7a1d221f234d17d60119&offerListId=590991-3E5C3CE15D34D3C7E00623575FCC42D0&pos=18&price=81.50&productid=590991&sid=21971&type=offer
01-GIV-AMAR-TS30,GIVENCHY AMARIGE EDT-S 30ML,3274878122509.0,437,53.0,20.95,,,0.0,102963.0,Boots.com (UK),£27.20 £906.67/L,https://www.idealo.co.uk/relocator/relocate?categoryId=3972&offerKey=0ef4c3d794a9eaf318a72e48a5edda10&offerListId=102963-02264EA5D57D288B9A5ACB36D1F39020&pos=1&price=27.20&productid=102963&sid=27286&type=offer
01-GIV-AMAR-TS30,GIVENCHY AMARIGE EDT-S 30ML,3274878122509.0,437,53.0,20.95,,,0.0,102963.0,onbuy.com,£28.75 £958.33/L,https://www.idealo.co.uk/relocator/relocate?categoryId=3972&offerKey=42dd6fe715af67c3e595f3809b95b694&offerListId=102963-02264EA5D57D288B9A5ACB36D1F39020&pos=2&price=28.75&productid=102963&sid=316895&type=offer
01-GIV-AMAR-TS30,GIVENCHY AMARIGE EDT-S 30ML,3274878122509.0,437,53.0,20.95,,,0.0,102963.0,Clearchemist.co.uk,£29.27 £975.67/L,https://www.idealo.co.uk/relocator/relocate?categoryId=3972&offerKey=bfc633ee098a0830ec0bd977e680f332&offerListId=102963-02264EA5D57D288B9A5ACB36D1F39020&pos=3&price=29.27&productid=102963&sid=289670&type=offer
01-GIV-AOD-PS30,GIVENCHY ANGE OU DEMON EDP-S 30ML,3274872396203.0,258,64.0,26.95,,,0.0,988772.0,Amazon-marketplace.co.uk,£20.50 £683.33/L,https://www.idealo.co.uk/relocator/relocate?categoryId=3972&offerKey=ffece998d583c47f1bff9d9078d41cef&offerListId=988772-A73CDB9D48BCEAE2901AEE6541AA5C21&pos=1&price=20.50&productid=988772&sid=22828&type=offer
01-GIV-ORG-PS100,GIVENCHY ORGANZA EDP-S 100ML,3274872456686.0,152,131.0,39.95,,,0.0,591011.0,Perfumeshopping.com(UK),£46.96 £469.60/L,https://www.idealo.co.uk/relocator/relocate?categoryId=3972&offerKey=96d03c4a0a2d0ed30f1b736f887ba721&offerListId=591011-86D6400A1995E142BB1CC85761C23A44&pos=1&price=46.96&productid=591011&sid=282217&type=offer
01-GIV-ORG-PS100,GIVENCHY ORGANZA EDP-S 100ML,3274872456686.0,152,131.0,39.95,,,0.0,591011.0,perfumeprice.co.uk,£53.95 £539.50/L,https://www.idealo.co.uk/relocator/relocate?categoryId=3972&offerKey=1c3f704f5b892f989b4cef3701874faf&offerListId=591011-86D6400A1995E142BB1CC85761C23A44&pos=2&price=53.95&productid=591011&sid=321700&type=offer
01-GIV-ORG-PS100,GIVENCHY ORGANZA EDP-S 100ML,3274872456686.0,152,131.0,39.95,,,0.0,591011.0,Perfumeclick.co.uk,£54.35 £543.50/L,https://www.idealo.co.uk/relocator/relocate?categoryId=3972&offerKey=989c1d460783289f64e8b9924873891f&offerListId=591011-86D6400A1995E142BB1CC85761C23A44&pos=3&price=54.35&productid=591011&sid=69736&type=offer
01-GIV-ORG-PS100,GIVENCHY ORGANZA EDP-S 100ML,3274872456686.0,152,131.0,39.95,,,0.0,591011.0,ebay.co.uk,£54.95 £549.50/L,https://www.idealo.co.uk/relocator/relocate?categoryId=3972&offerKey=574887defae6a536013afc2d8d021140&offerListId=591011-86D6400A1995E142BB1CC85761C23A44&pos=4&price=54.95&productid=591011&sid=22818&type=offer
01-GIV-ORG-PS100,GIVENCHY ORGANZA EDP-S 100ML,3274872456686.0,152,131.0,39.95,,,0.0,591011.0,cosmetify.com,£57.07 £570.70/L,https://www.idealo.co.uk/relocator/relocate?categoryId=3972&offerKey=8ca607f29a003c1de559b5772c48c0a9&offerListId=591011-86D6400A1995E142BB1CC85761C23A44&pos=5&price=57.07&productid=591011&sid=329503&type=offer
01-GIV-ORG-PS100,GIVENCHY ORGANZA EDP-S 100ML,3274872456686.0,152,131.0,39.95,,,0.0,591011.0,secretsales.com (UK),£63.63 £636.30/L,https://www.idealo.co.uk/relocator/relocate?categoryId=3972&offerKey=636eded8bb6f5715e65f698575cfea74&offerListId=591011-86D6400A1995E142BB1CC85761C23A44&pos=6&price=63.63&productid=591011&sid=324015&type=offer
01-GIV-ORG-PS100,GIVENCHY ORGANZA EDP-S 100ML,3274872456686.0,152,131.0,39.95,,,0.0,591011.0,allbeauty.com(UK),£63.95 £639.50/L,https://www.idealo.co.uk/relocator/relocate?categoryId=3972&offerKey=fb04922ced9bf0fe63d6210f03e42f5a&offerListId=591011-86D6400A1995E142BB1CC85761C23A44&pos=7&price=63.95&productid=591011&sid=28942&type=offer
01-GIV-ORG-PS100,GIVENCHY ORGANZA EDP-S 100ML,3274872456686.0,152,131.0,39.95,,,0.0,591011.0,unineed.com,£67.49 £674.90/L,https://www.idealo.co.uk/relocator/relocate?categoryId=3972&offerKey=b8781b6bff4409ad0dd7a93e12d050bf&offerListId=591011-86D6400A1995E142BB1CC85761C23A44&pos=8&price=67.49&productid=591011&sid=314440&type=offer
01-GIV-ORG-PS100,GIVENCHY ORGANZA EDP-S 100ML,3274872456686.0,152,131.0,39.95,,,0.0,591011.0,Dressinn.com (UK),£69.99 £699.90/L,https://www.idealo.co.uk/relocator/relocate?categoryId=3972&offerKey=d3a322d2660d92ccd7de5c31b7437ae8&offerListId=591011-86D6400A1995E142BB1CC85761C23A44&pos=9&price=69.99&productid=591011&sid=318629&type=offer
01-GIV-ORG-PS100,GIVENCHY ORGANZA EDP-S 100ML,3274872456686.0,152,131.0,39.95,,,0.0,591011.0,Amazon-marketplace.co.uk,£74.99 £749.90/L,https://www.idealo.co.uk/relocator/relocate?categoryId=3972&offerKey=9714b3f989a58689fc1208e245bf9242&offerListId=591011-86D6400A1995E142BB1CC85761C23A44&pos=10&price=74.99&productid=591011&sid=22828&type=offer
01-GIV-ORG-PS100,GIVENCHY ORGANZA EDP-S 100ML,3274872456686.0,152,131.0,39.95,,,0.0,591011.0,my-origines.com(UK),£83.99 £839.90/L,https://www.idealo.co.uk/relocator/relocate?categoryId=3972&offerKey=e676f0883e2fc1c4964df610b1c6e79d&offerListId=591011-86D6400A1995E142BB1CC85761C23A44&pos=11&price=83.99&productid=591011&sid=328503&type=offer
01-GIV-ORG-PS100,GIVENCHY ORGANZA EDP-S 100ML,3274872456686.0,152,131.0,39.95,,,0.0,591011.0,onbuy.com,£94.00 £940.00/L,https://www.idealo.co.uk/relocator/relocate?categoryId=3972&offerKey=893427511539840a7c5e8373566cfa7f&offerListId=591011-86D6400A1995E142BB1CC85761C23A44&pos=12&price=94.00&productid=591011&sid=316895&type=offer
01-GIV-VIFW-TS75,GIVENCHY VERY IRRESISTIBLE FOR WOMEN EDT-S 75ML,3274872369412.0,352,91.0,37.5,,,0.0,603834.0,perfumeuk.co.uk,£51.00 £680.00/L,https://www.idealo.co.uk/relocator/relocate?categoryId=3972&offerKey=6b386a6329b89ce7b198c6d586f4d7c4&offerListId=603834-1AA7C5061A784636F37B33F01E32C617&pos=1&price=51.00&productid=603834&sid=323991&type=offer
01-GIV-VIFW-TS75,GIVENCHY VERY IRRESISTIBLE FOR WOMEN EDT-S 75ML,3274872369412.0,352,91.0,37.5,,,0.0,603834.0,scentubeauty.co.uk,£51.00 £680.00/L,https://www.idealo.co.uk/relocator/relocate?categoryId=3972&offerKey=3375e6094db2e1f7aec34f0a75583299&offerListId=603834-1AA7C5061A784636F37B33F01E32C617&pos=2&price=51.00&productid=603834&sid=333156&type=offer
01-GIV-VIFW-TS75,GIVENCHY VERY IRRESISTIBLE FOR WOMEN EDT-S 75ML,3274872369412.0,352,91.0,37.5,,,0.0,603834.0,allbeauty.com(UK),£60.95 £812.67/L,https://www.idealo.co.uk/relocator/relocate?categoryId=3972&offerKey=21f4d0cc879ffbf91c677886762ec6c4&offerListId=603834-1AA7C5061A784636F37B33F01E32C617&pos=3&price=60.95&productid=603834&sid=28942&type=offer
01-GIV-VIFW-TS75,GIVENCHY VERY IRRESISTIBLE FOR WOMEN EDT-S 75ML,3274872369412.0,352,91.0,37.5,,,0.0,603834.0,escentual.com(UK),£60.95 £812.67/L,https://www.idealo.co.uk/relocator/relocate?categoryId=3972&offerKey=5091cda4d7e279d15109749c7fa44538&offerListId=603834-1AA7C5061A784636F37B33F01E32C617&pos=4&price=60.95&productid=603834&sid=21988&type=offer
01-GIV-VIFW-TS75,GIVENCHY VERY IRRESISTIBLE FOR WOMEN EDT-S 75ML,3274872369412.0,352,91.0,37.5,,,0.0,603834.0,my-origines.com(UK),£61.35 £818.00/L,https://www.idealo.co.uk/relocator/relocate?categoryId=3972&offerKey=3a2b5bf80887faf14cde7cf6bec3dfbe&offerListId=603834-1AA7C5061A784636F37B33F01E32C617&pos=5&price=61.35&productid=603834&sid=328503&type=offer
01-GIV-VIFW-TS75,GIVENCHY VERY IRRESISTIBLE FOR WOMEN EDT-S 75ML,3274872369412.0,352,91.0,37.5,,,0.0,603834.0,Perfumeclick.co.uk,£61.45 £819.33/L,https://www.idealo.co.uk/relocator/relocate?categoryId=3972&offerKey=4f32e9e0a75b4a9169c31664bf01efea&offerListId=603834-1AA7C5061A784636F37B33F01E32C617&pos=6&price=61.45&productid=603834&sid=69736&type=offer
01-GIV-VIFW-TS75,GIVENCHY VERY IRRESISTIBLE FOR WOMEN EDT-S 75ML,3274872369412.0,352,91.0,37.5,,,0.0,603834.0,perfumeprice.co.uk,£61.95 £826.00/L,https://www.idealo.co.uk/relocator/relocate?categoryId=3972&offerKey=4eee23589a1d219e7d5edcfb34de8e5a&offerListId=603834-1AA7C5061A784636F37B33F01E32C617&pos=7&price=61.95&productid=603834&sid=321700&type=offer
01-GIV-VIFW-TS75,GIVENCHY VERY IRRESISTIBLE FOR WOMEN EDT-S 75ML,3274872369412.0,352,91.0,37.5,,,0.0,603834.0,ebay.co.uk,£63.95 £852.67/L,https://www.idealo.co.uk/relocator/relocate?categoryId=3972&offerKey=eb78ced9dd50efa01877d7792e8a3395&offerListId=603834-1AA7C5061A784636F37B33F01E32C617&pos=8&price=63.95&productid=603834&sid=22818&type=offer
01-GIV-VIFW-TS75,GIVENCHY VERY IRRESISTIBLE FOR WOMEN EDT-S 75ML,3274872369412.0,352,91.0,37.5,,,0.0,603834.0,onbuy.com,£63.99 £853.20/L,https://www.idealo.co.uk/relocator/relocate?categoryId=3972&offerKey=62f5d435a45f72686b12d06d179975b5&offerListId=603834-1AA7C5061A784636F37B33F01E32C617&pos=9&price=63.99&productid=603834&sid=316895&type=offer
01-GIV-VIFW-TS75,GIVENCHY VERY IRRESISTIBLE FOR WOMEN EDT-S 75ML,3274872369412.0,352,91.0,37.5,,,0.0,603834.0,cosmetify.com,£64.52 £860.27/L,https://www.idealo.co.uk/relocator/relocate?categoryId=3972&offerKey=833c479ead5e810936dada3208547e74&offerListId=603834-1AA7C5061A784636F37B33F01E32C617&pos=10&price=64.52&productid=603834&sid=329503&type=offer
01-GIV-VIFW-TS75,GIVENCHY VERY IRRESISTIBLE FOR WOMEN EDT-S 75ML,3274872369412.0,352,91.0,37.5,,,0.0,603834.0,Amazon-marketplace.co.uk,£66.18 £882.40/L,https://www.idealo.co.uk/relocator/relocate?categoryId=3972&offerKey=06e69cbc0e4ea54fae43db4d5314dd86&offerListId=603834-1AA7C5061A784636F37B33F01E32C617&pos=11&price=66.18&productid=603834&sid=22828&type=offer
01-GIV-VIFW-TS75,GIVENCHY VERY IRRESISTIBLE FOR WOMEN EDT-S 75ML,3274872369412.0,352,91.0,37.5,,,0.0,603834.0,sephora.co.uk,£68.25 £910.00/L,https://www.idealo.co.uk/relocator/relocate?categoryId=3972&offerKey=f45746b11371c528a3b82ed38986bfb1&offerListId=603834-1AA7C5061A784636F37B33F01E32C617&pos=12&price=68.25&productid=603834&sid=27998&type=offer
01-GIV-VIFW-TS75,GIVENCHY VERY IRRESISTIBLE FOR WOMEN EDT-S 75ML,3274872369412.0,352,91.0,37.5,,,0.0,603834.0,onbuy.com,£70.38 £938.40/L,https://www.idealo.co.uk/relocator/relocate?categoryId=3972&offerKey=8d1aa1ccdd608974172ebf2d9fa74a25&offerListId=603834-1AA7C5061A784636F37B33F01E32C617&pos=13&price=70.38&productid=603834&sid=316895&type=offer
01-GIV-VIFW-TS75,GIVENCHY VERY IRRESISTIBLE FOR WOMEN EDT-S 75ML,3274872369412.0,352,91.0,37.5,,,0.0,603834.0,Dressinn.com (UK),£72.49 £966.53/L,https://www.idealo.co.uk/relocator/relocate?categoryId=3972&offerKey=7c9d3d13f058414ce89668bb9d466585&offerListId=603834-1AA7C5061A784636F37B33F01E32C617&pos=14&price=72.49&productid=603834&sid=318629&type=offer
01-GU-ADFI-PS50-UK,GUCCI BLOOM AMBROSIA DI FIORI INTENSE EDP-S 50ML,3614229461336.0,1000+,83.0,29.5,,,0.0,6865545.0,Perfumeclick.co.uk,£48.60 £972.00/L,https://www.idealo.co.uk/relocator/relocate?categoryId=3972&offerKey=64eacc4657ae48d61923bb672b771761&offerListId=6865545-477862C45B2806FF7E50C51B76B635AC&pos=1&price=48.60&productid=6865545&sid=69736&type=offer
01-GU-BAM-PS50-UK,GUCCI BAMBOO EDP-S 50ML,737052925073.0,418,90.0,31.95,,,0.0,4809477.0,Perfumeclick.co.uk,£42.40 £848.00/L,https://www.idealo.co.uk/relocator/relocate?categoryId=3972&offerKey=0807da4a120249e0e531bac135a99984&offerListId=4809477-9A128CF02CB347B6E9BCB2C7EA3CFA2D&pos=1&price=42.40&productid=4809477&sid=69736&type=offer
01-GU-BAM-PS50-UK,GUCCI BAMBOO EDP-S 50ML,737052925073.0,418,90.0,31.95,,,0.0,4809477.0,cosmetify.com,£44.52 £890.40/L,https://www.idealo.co.uk/relocator/relocate?categoryId=3972&offerKey=98210624838a9036ee365058ef1ade5b&offerListId=4809477-9A128CF02CB347B6E9BCB2C7EA3CFA2D&pos=2&price=44.52&productid=4809477&sid=329503&type=offer
01-GU-BAM-PS50-UK,GUCCI BAMBOO EDP-S 50ML,737052925073.0,418,90.0,31.95,,,0.0,4809477.0,studio.co.uk,£45.00 £900.00/L,https://www.idealo.co.uk/relocator/relocate?categoryId=3972&offerKey=0ba7656a3689c0471e90a7cd0f642db4&offerListId=4809477-9A128CF02CB347B6E9BCB2C7EA3CFA2D&pos=3&price=45.00&productid=4809477&sid=25953&type=offer
01-GU-BAM-PS50-UK,GUCCI BAMBOO EDP-S 50ML,737052925073.0,418,90.0,31.95,,,0.0,4809477.0,flannels.com,£45.00 £900.00/L,https://www.idealo.co.uk/relocator/relocate?categoryId=3972&offerKey=a3e1c1343dcf7f8f3aecc2babebd7d76&offerListId=4809477-9A128CF02CB347B6E9BCB2C7EA3CFA2D&pos=4&price=45.00&productid=4809477&sid=329528&type=offer
01-GU-BAM-PS50-UK,GUCCI BAMBOO EDP-S 50ML,737052925073.0,418,90.0,31.95,,,0.0,4809477.0,onbuy.com,£49.80 £996.00/L,https://www.idealo.co.uk/relocator/relocate?categoryId=3972&offerKey=76005c3b89f196dc41c1555160d7adce&offerListId=4809477-9A128CF02CB347B6E9BCB2C7EA3CFA2D&pos=5&price=49.80&productid=4809477&sid=316895&type=offer
01-GU-BAM-PS50-UK,GUCCI BAMBOO EDP-S 50ML,737052925073.0,418,90.0,31.95,,,0.0,4809477.0,ebay.co.uk,£49.99 £999.80/L,https://www.idealo.co.uk/relocator/relocate?categoryId=3972&offerKey=2f0162a284ff89f5be0c1f1e498f6a93&offerListId=4809477-9A128CF02CB347B6E9BCB2C7EA3CFA2D&pos=6&price=49.99&productid=4809477&sid=22818&type=offer
01-GU-BLO-PS50-UK,GUCCI BLOOM EDP-S 50ML,8005610481043.0,205,95.0,38.95,,,0.0,5723392.0,ebay.co.uk,£49.95 £999.00/L,https://www.idealo.co.uk/relocator/relocate?categoryId=3972&offerKey=8bc145f6625d498789b1398b0cb8d5d7&offerListId=5723392-19BAA186A151FFAA71D23CA5092994E4&pos=1&price=49.95&productid=5723392&sid=22818&type=offer
01-GU-BLO-TS100,GUCCI BLOOM EDT-S 100ML,3616302514298.0,42,118.0,47.95,,,0.0,201914116.0,,£58.16 £581.60/L,https://www.idealo.co.uk/relocator/relocate?categoryId=3972&offerKey=ca78f5f0211cc2d5aa55db35dc0c8669&offerListId=201914116-81549EE6FC5A4CBE069DD7ADCFEDE217&pos=1&price=58.16&productid=201914116&sid=307734&type=offer
01-GU-BLO-TS100,GUCCI BLOOM EDT-S 100ML,3616302514298.0,42,118.0,47.95,,,0.0,201914116.0,ebay.co.uk,£65.56 £655.60/L,https://www.idealo.co.uk/relocator/relocate?categoryId=3972&offerKey=7414fe65e0174fd6b362b938119d7c6c&offerListId=201914116-81549EE6FC5A4CBE069DD7ADCFEDE217&pos=2&price=65.56&productid=201914116&sid=22818&type=offer
01-GU-BLO-TS100,GUCCI BLOOM EDT-S 100ML,3616302514298.0,42,118.0,47.95,,,0.0,201914116.0,Clearchemist.co.uk,£69.94 £699.40/L,https://www.idealo.co.uk/relocator/relocate?categoryId=3972&offerKey=08503c3d2831cf99929061340080ee96&offerListId=201914116-81549EE6FC5A4CBE069DD7ADCFEDE217&pos=3&price=69.94&productid=201914116&sid=289670&type=offer
01-GU-BLO-TS100,GUCCI BLOOM EDT-S 100ML,3616302514298.0,42,118.0,47.95,,,0.0,201914116.0,Perfumeclick.co.uk,£71.90 £719.00/L,https://www.idealo.co.uk/relocator/relocate?categoryId=3972&offerKey=561e08f091a02363892d27f86a4dc30c&offerListId=201914116-81549EE6FC5A4CBE069DD7ADCFEDE217&pos=4&price=71.90&productid=201914116&sid=69736&type=offer
01-GU-BLO-TS100,GUCCI BLOOM EDT-S 100ML,3616302514298.0,42,118.0,47.95,,,0.0,201914116.0,cosmetify.com,£75.50 £755.00/L,https://www.idealo.co.uk/relocator/relocate?categoryId=3972&offerKey=79bb4ba43573bfe2c01678f3e2881584&offerListId=201914116-81549EE6FC5A4CBE069DD7ADCFEDE217&pos=5&price=75.50&productid=201914116&sid=329503&type=offer
01-GU-BLO-TS100,GUCCI BLOOM EDT-S 100ML,3616302514298.0,42,118.0,47.95,,,0.0,201914116.0,secretsales.com (UK),£80.25 £802.50/L,https://www.idealo.co.uk/relocator/relocate?categoryId=3972&offerKey=45f19ee0c4ba358c4dd606e92fc45386&offerListId=201914116-81549EE6FC5A4CBE069DD7ADCFEDE217&pos=6&price=80.25&productid=201914116&sid=324015&type=offer
01-GU-BLO-TS100,GUCCI BLOOM EDT-S 100ML,3616302514298.0,42,118.0,47.95,,,0.0,201914116.0,Amazon-marketplace.co.uk,£81.39 £813.90/L,https://www.idealo.co.uk/relocator/relocate?categoryId=3972&offerKey=9f8a2d83165cf2f676f7d0dbb67bf732&offerListId=201914116-81549EE6FC5A4CBE069DD7ADCFEDE217&pos=7&price=81.39&productid=201914116&sid=22828&type=offer
01-GU-BLO-TS100,GUCCI BLOOM EDT-S 100ML,3616302514298.0,42,118.0,47.95,,,0.0,201914116.0,Dressinn.com (UK),£82.49 £824.90/L,https://www.idealo.co.uk/relocator/relocate?categoryId=3972&offerKey=958bf384ec9c42dca8f7621a4bd34e63&offerListId=201914116-81549EE6FC5A4CBE069DD7ADCFEDE217&pos=8&price=82.49&productid=201914116&sid=318629&type=offer
01-GU-BLO-TS100,GUCCI BLOOM EDT-S 100ML,3616302514298.0,42,118.0,47.95,,,0.0,201914116.0,my-origines.com(UK),£83.74 £837.40/L,https://www.idealo.co.uk/relocator/relocate?categoryId=3972&offerKey=c693a42dcabb45cdfbc0efdd936f7237&offerListId=201914116-81549EE6FC5A4CBE069DD7ADCFEDE217&pos=9&price=83.74&productid=201914116&sid=328503&type=offer
01-GU-BLO-TS100,GUCCI BLOOM EDT-S 100ML,3616302514298.0,42,118.0,47.95,,,0.0,201914116.0,onbuy.com,£86.47 £864.70/L,https://www.idealo.co.uk/relocator/relocate?categoryId=3972&offerKey=27868db18ad8cafaa9725df67336273c&offerListId=201914116-81549EE6FC5A4CBE069DD7ADCFEDE217&pos=10&price=86.47&productid=201914116&sid=316895&type=offer
01-GU-BLO-TS100,GUCCI BLOOM EDT-S 100ML,3616302514298.0,42,118.0,47.95,,,0.0,201914116.0,Tjhughes.co.uk,£89.00 £890.00/L,https://www.idealo.co.uk/relocator/relocate?categoryId=3972&offerKey=68d38227b99c062b296c49f2acc216ae&offerListId=201914116-81549EE6FC5A4CBE069DD7ADCFEDE217&pos=11&price=89.00&productid=201914116&sid=28759&type=offer
01-GU-BLO-TS100,GUCCI BLOOM EDT-S 100ML,3616302514298.0,42,118.0,47.95,,,0.0,201914116.0,Robertdyas.co.uk,£89.99 £899.90/L,https://www.idealo.co.uk/relocator/relocate?categoryId=3972&offerKey=a271d67c0d3c5c93061dc625977093f8&offerListId=201914116-81549EE6FC5A4CBE069DD7ADCFEDE217&pos=12&price=89.99&productid=201914116&sid=22151&type=offer
01-GU-BLO-TS100,GUCCI BLOOM EDT-S 100ML,3616302514298.0,42,118.0,47.95,,,0.0,201914116.0,,£58.16 £581.60/L,https://www.idealo.co.uk/relocator/relocate?categoryId=3972&offerKey=ca78f5f0211cc2d5aa55db35dc0c8669&offerListId=201914116-81549EE6FC5A4CBE069DD7ADCFEDE217&pos=1&price=58.16&productid=201914116&sid=307734&type=offer
01-GU-BLO-TS100,GUCCI BLOOM EDT-S 100ML,3616302514298.0,42,118.0,47.95,,,0.0,201914116.0,ebay.co.uk,£65.56 £655.60/L,https://www.idealo.co.uk/relocator/relocate?categoryId=3972&offerKey=7414fe65e0174fd6b362b938119d7c6c&offerListId=201914116-81549EE6FC5A4CBE069DD7ADCFEDE217&pos=2&price=65.56&productid=201914116&sid=22818&type=offer
01-GU-BLO-TS100,GUCCI BLOOM EDT-S 100ML,3616302514298.0,42,118.0,47.95,,,0.0,201914116.0,Clearchemist.co.uk,£69.94 £699.40/L,https://www.idealo.co.uk/relocator/relocate?categoryId=3972&offerKey=08503c3d2831cf99929061340080ee96&offerListId=201914116-81549EE6FC5A4CBE069DD7ADCFEDE217&pos=3&price=69.94&productid=201914116&sid=289670&type=offer
01-GU-BLO-TS100,GUCCI BLOOM EDT-S 100ML,3616302514298.0,42,118.0,47.95,,,0.0,201914116.0,Perfumeclick.co.uk,£71.90 £719.00/L,https://www.idealo.co.uk/relocator/relocate?categoryId=3972&offerKey=561e08f091a02363892d27f86a4dc30c&offerListId=201914116-81549EE6FC5A4CBE069DD7ADCFEDE217&pos=4&price=71.90&productid=201914116&sid=69736&type=offer
01-GU-BLO-TS100,GUCCI BLOOM EDT-S 100ML,3616302514298.0,42,118.0,47.95,,,0.0,201914116.0,cosmetify.com,£75.50 £755.00/L,https://www.idealo.co.uk/relocator/relocate?categoryId=3972&offerKey=79bb4ba43573bfe2c01678f3e2881584&offerListId=201914116-81549EE6FC5A4CBE069DD7ADCFEDE217&pos=5&price=75.50&productid=201914116&sid=329503&type=offer
01-GU-BLO-TS100,GUCCI BLOOM EDT-S 100ML,3616302514298.0,42,118.0,47.95,,,0.0,201914116.0,secretsales.com (UK),£80.25 £802.50/L,https://www.idealo.co.uk/relocator/relocate?categoryId=3972&offerKey=45f19ee0c4ba358c4dd606e92fc45386&offerListId=201914116-81549EE6FC5A4CBE069DD7ADCFEDE217&pos=6&price=80.25&productid=201914116&sid=324015&type=offer
01-GU-BLO-TS100,GUCCI BLOOM EDT-S 100ML,3616302514298.0,42,118.0,47.95,,,0.0,201914116.0,Amazon-marketplace.co.uk,£81.39 £813.90/L,https://www.idealo.co.uk/relocator/relocate?categoryId=3972&offerKey=9f8a2d83165cf2f676f7d0dbb67bf732&offerListId=201914116-81549EE6FC5A4CBE069DD7ADCFEDE217&pos=7&price=81.39&productid=201914116&sid=22828&type=offer
01-GU-BLO-TS100,GUCCI BLOOM EDT-S 100ML,3616302514298.0,42,118.0,47.95,,,0.0,201914116.0,Dressinn.com (UK),£82.49 £824.90/L,https://www.idealo.co.uk/relocator/relocate?categoryId=3972&offerKey=958bf384ec9c42dca8f7621a4bd34e63&offerListId=201914116-81549EE6FC5A4CBE069DD7ADCFEDE217&pos=8&price=82.49&productid=201914116&sid=318629&type=offer
01-GU-BLO-TS100,GUCCI BLOOM EDT-S 100ML,3616302514298.0,42,118.0,47.95,,,0.0,201914116.0,my-origines.com(UK),£83.74 £837.40/L,https://www.idealo.co.uk/relocator/relocate?categoryId=3972&offerKey=c693a42dcabb45cdfbc0efdd936f7237&offerListId=201914116-81549EE6FC5A4CBE069DD7ADCFEDE217&pos=9&price=83.74&productid=201914116&sid=328503&type=offer
01-GU-BLO-TS100,GUCCI BLOOM EDT-S 100ML,3616302514298.0,42,118.0,47.95,,,0.0,201914116.0,onbuy.com,£86.47 £864.70/L,https://www.idealo.co.uk/relocator/relocate?categoryId=3972&offerKey=27868db18ad8cafaa9725df67336273c&offerListId=201914116-81549EE6FC5A4CBE069DD7ADCFEDE217&pos=10&price=86.47&productid=201914116&sid=316895&type=offer
01-GU-BLO-TS100,GUCCI BLOOM EDT-S 100ML,3616302514298.0,42,118.0,47.95,,,0.0,201914116.0,Tjhughes.co.uk,£89.00 £890.00/L,https://www.idealo.co.uk/relocator/relocate?categoryId=3972&offerKey=68d38227b99c062b296c49f2acc216ae&offerListId=201914116-81549EE6FC5A4CBE069DD7ADCFEDE217&pos=11&price=89.00&productid=201914116&sid=28759&type=offer
01-GU-BLO-TS100,GUCCI BLOOM EDT-S 100ML,3616302514298.0,42,118.0,47.95,,,0.0,201914116.0,Robertdyas.co.uk,£89.99 £899.90/L,https://www.idealo.co.uk/relocator/relocate?categoryId=3972&offerKey=a271d67c0d3c5c93061dc625977093f8&offerListId=201914116-81549EE6FC5A4CBE069DD7ADCFEDE217&pos=12&price=89.99&productid=201914116&sid=22151&type=offer
01-GU-BLO-TS100-UK,GUCCI BLOOM EDT-S 100ML,3616302514298.0,9,118.0,45.95,,,0.0,201914116.0,,£58.16 £581.60/L,https://www.idealo.co.uk/relocator/relocate?categoryId=3972&offerKey=ca78f5f0211cc2d5aa55db35dc0c8669&offerListId=201914116-81549EE6FC5A4CBE069DD7ADCFEDE217&pos=1&price=58.16&productid=201914116&sid=307734&type=offer
01-GU-BLO-TS100-UK,GUCCI BLOOM EDT-S 100ML,3616302514298.0,9,118.0,45.95,,,0.0,201914116.0,ebay.co.uk,£65.56 £655.60/L,https://www.idealo.co.uk/relocator/relocate?categoryId=3972&offerKey=7414fe65e0174fd6b362b938119d7c6c&offerListId=201914116-81549EE6FC5A4CBE069DD7ADCFEDE217&pos=2&price=65.56&productid=201914116&sid=22818&type=offer
01-GU-BLO-TS100-UK,GUCCI BLOOM EDT-S 100ML,3616302514298.0,9,118.0,45.95,,,0.0,201914116.0,Clearchemist.co.uk,£69.94 £699.40/L,https://www.idealo.co.uk/relocator/relocate?categoryId=3972&offerKey=08503c3d2831cf99929061340080ee96&offerListId=201914116-81549EE6FC5A4CBE069DD7ADCFEDE217&pos=3&price=69.94&productid=201914116&sid=289670&type=offer
01-GU-BLO-TS100-UK,GUCCI BLOOM EDT-S 100ML,3616302514298.0,9,118.0,45.95,,,0.0,201914116.0,Perfumeclick.co.uk,£71.90 £719.00/L,https://www.idealo.co.uk/relocator/relocate?categoryId=3972&offerKey=561e08f091a02363892d27f86a4dc30c&offerListId=201914116-81549EE6FC5A4CBE069DD7ADCFEDE217&pos=4&price=71.90&productid=201914116&sid=69736&type=offer
01-GU-BLO-TS100-UK,GUCCI BLOOM EDT-S 100ML,3616302514298.0,9,118.0,45.95,,,0.0,201914116.0,cosmetify.com,£75.50 £755.00/L,https://www.idealo.co.uk/relocator/relocate?categoryId=3972&offerKey=79bb4ba43573bfe2c01678f3e2881584&offerListId=201914116-81549EE6FC5A4CBE069DD7ADCFEDE217&pos=5&price=75.50&productid=201914116&sid=329503&type=offer
01-GU-BLO-TS100-UK,GUCCI BLOOM EDT-S 100ML,3616302514298.0,9,118.0,45.95,,,0.0,201914116.0,secretsales.com (UK),£80.25 £802.50/L,https://www.idealo.co.uk/relocator/relocate?categoryId=3972&offerKey=45f19ee0c4ba358c4dd606e92fc45386&offerListId=201914116-81549EE6FC5A4CBE069DD7ADCFEDE217&pos=6&price=80.25&productid=201914116&sid=324015&type=offer
01-GU-BLO-TS100-UK,GUCCI BLOOM EDT-S 100ML,3616302514298.0,9,118.0,45.95,,,0.0,201914116.0,Amazon-marketplace.co.uk,£81.39 £813.90/L,https://www.idealo.co.uk/relocator/relocate?categoryId=3972&offerKey=9f8a2d83165cf2f676f7d0dbb67bf732&offerListId=201914116-81549EE6FC5A4CBE069DD7ADCFEDE217&pos=7&price=81.39&productid=201914116&sid=22828&type=offer
01-GU-BLO-TS100-UK,GUCCI BLOOM EDT-S 100ML,3616302514298.0,9,118.0,45.95,,,0.0,201914116.0,Dressinn.com (UK),£82.49 £824.90/L,https://www.idealo.co.uk/relocator/relocate?categoryId=3972&offerKey=958bf384ec9c42dca8f7621a4bd34e63&offerListId=201914116-81549EE6FC5A4CBE069DD7ADCFEDE217&pos=8&price=82.49&productid=201914116&sid=318629&type=offer
01-GU-BLO-TS100-UK,GUCCI BLOOM EDT-S 100ML,3616302514298.0,9,118.0,45.95,,,0.0,201914116.0,my-origines.com(UK),£83.74 £837.40/L,https://www.idealo.co.uk/relocator/relocate?categoryId=3972&offerKey=c693a42dcabb45cdfbc0efdd936f7237&offerListId=201914116-81549EE6FC5A4CBE069DD7ADCFEDE217&pos=9&price=83.74&productid=201914116&sid=328503&type=offer
01-GU-BLO-TS100-UK,GUCCI BLOOM EDT-S 100ML,3616302514298.0,9,118.0,45.95,,,0.0,201914116.0,onbuy.com,£86.47 £864.70/L,https://www.idealo.co.uk/relocator/relocate?categoryId=3972&offerKey=27868db18ad8cafaa9725df67336273c&offerListId=201914116-81549EE6FC5A4CBE069DD7ADCFEDE217&pos=10&price=86.47&productid=201914116&sid=316895&type=offer
01-GU-BLO-TS100-UK,GUCCI BLOOM EDT-S 100ML,3616302514298.0,9,118.0,45.95,,,0.0,201914116.0,Tjhughes.co.uk,£89.00 £890.00/L,https://www.idealo.co.uk/relocator/relocate?categoryId=3972&offerKey=68d38227b99c062b296c49f2acc216ae&offerListId=201914116-81549EE6FC5A4CBE069DD7ADCFEDE217&pos=11&price=89.00&productid=201914116&sid=28759&type=offer
01-GU-BLO-TS100-UK,GUCCI BLOOM EDT-S 100ML,3616302514298.0,9,118.0,45.95,,,0.0,201914116.0,Robertdyas.co.uk,£89.99 £899.90/L,https://www.idealo.co.uk/relocator/relocate?categoryId=3972&offerKey=a271d67c0d3c5c93061dc625977093f8&offerListId=201914116-81549EE6FC5A4CBE069DD7ADCFEDE217&pos=12&price=89.99&productid=201914116&sid=22151&type=offer
01-GU-BLO-TS100-UK,GUCCI BLOOM EDT-S 100ML,3616302514298.0,9,118.0,45.95,,,0.0,201914116.0,,£58.16 £581.60/L,https://www.idealo.co.uk/relocator/relocate?categoryId=3972&offerKey=ca78f5f0211cc2d5aa55db35dc0c8669&offerListId=201914116-81549EE6FC5A4CBE069DD7ADCFEDE217&pos=1&price=58.16&productid=201914116&sid=307734&type=offer
01-GU-BLO-TS100-UK,GUCCI BLOOM EDT-S 100ML,3616302514298.0,9,118.0,45.95,,,0.0,201914116.0,ebay.co.uk,£65.56 £655.60/L,https://www.idealo.co.uk/relocator/relocate?categoryId=3972&offerKey=7414fe65e0174fd6b362b938119d7c6c&offerListId=201914116-81549EE6FC5A4CBE069DD7ADCFEDE217&pos=2&price=65.56&productid=201914116&sid=22818&type=offer
01-GU-BLO-TS100-UK,GUCCI BLOOM EDT-S 100ML,3616302514298.0,9,118.0,45.95,,,0.0,201914116.0,Clearchemist.co.uk,£69.94 £699.40/L,https://www.idealo.co.uk/relocator/relocate?categoryId=3972&offerKey=08503c3d2831cf99929061340080ee96&offerListId=201914116-81549EE6FC5A4CBE069DD7ADCFEDE217&pos=3&price=69.94&productid=201914116&sid=289670&type=offer
01-GU-BLO-TS100-UK,GUCCI BLOOM EDT-S 100ML,3616302514298.0,9,118.0,45.95,,,0.0,201914116.0,Perfumeclick.co.uk,£71.90 £719.00/L,https://www.idealo.co.uk/relocator/relocate?categoryId=3972&offerKey=561e08f091a02363892d27f86a4dc30c&offerListId=201914116-81549EE6FC5A4CBE069DD7ADCFEDE217&pos=4&price=71.90&productid=201914116&sid=69736&type=offer
01-GU-BLO-TS100-UK,GUCCI BLOOM EDT-S 100ML,3616302514298.0,9,118.0,45.95,,,0.0,201914116.0,cosmetify.com,£75.50 £755.00/L,https://www.idealo.co.uk/relocator/relocate?categoryId=3972&offerKey=79bb4ba43573bfe2c01678f3e2881584&offerListId=201914116-81549EE6FC5A4CBE069DD7ADCFEDE217&pos=5&price=75.50&productid=201914116&sid=329503&type=offer
01-GU-BLO-TS100-UK,GUCCI BLOOM EDT-S 100ML,3616302514298.0,9,118.0,45.95,,,0.0,201914116.0,secretsales.com (UK),£80.25 £802.50/L,https://www.idealo.co.uk/relocator/relocate?categoryId=3972&offerKey=45f19ee0c4ba358c4dd606e92fc45386&offerListId=201914116-81549EE6FC5A4CBE069DD7ADCFEDE217&pos=6&price=80.25&productid=201914116&sid=324015&type=offer
01-GU-BLO-TS100-UK,GUCCI BLOOM EDT-S 100ML,3616302514298.0,9,118.0,45.95,,,0.0,201914116.0,Amazon-marketplace.co.uk,£81.39 £813.90/L,https://www.idealo.co.uk/relocator/relocate?categoryId=3972&offerKey=9f8a2d83165cf2f676f7d0dbb67bf732&offerListId=201914116-81549EE6FC5A4CBE069DD7ADCFEDE217&pos=7&price=81.39&productid=201914116&sid=22828&type=offer
01-GU-BLO-TS100-UK,GUCCI BLOOM EDT-S 100ML,3616302514298.0,9,118.0,45.95,,,0.0,201914116.0,Dressinn.com (UK),£82.49 £824.90/L,https://www.idealo.co.uk/relocator/relocate?categoryId=3972&offerKey=958bf384ec9c42dca8f7621a4bd34e63&offerListId=201914116-81549EE6FC5A4CBE069DD7ADCFEDE217&pos=8&price=82.49&productid=201914116&sid=318629&type=offer
01-GU-BLO-TS100-UK,GUCCI BLOOM EDT-S 100ML,3616302514298.0,9,118.0,45.95,,,0.0,201914116.0,my-origines.com(UK),£83.74 £837.40/L,https://www.idealo.co.uk/relocator/relocate?categoryId=3972&offerKey=c693a42dcabb45cdfbc0efdd936f7237&offerListId=201914116-81549EE6FC5A4CBE069DD7ADCFEDE217&pos=9&price=83.74&productid=201914116&sid=328503&type=offer
01-GU-BLO-TS100-UK,GUCCI BLOOM EDT-S 100ML,3616302514298.0,9,118.0,45.95,,,0.0,201914116.0,onbuy.com,£86.47 £864.70/L,https://www.idealo.co.uk/relocator/relocate?categoryId=3972&offerKey=27868db18ad8cafaa9725df67336273c&offerListId=201914116-81549EE6FC5A4CBE069DD7ADCFEDE217&pos=10&price=86.47&productid=201914116&sid=316895&type=offer
01-GU-BLO-TS100-UK,GUCCI BLOOM EDT-S 100ML,3616302514298.0,9,118.0,45.95,,,0.0,201914116.0,Tjhughes.co.uk,£89.00 £890.00/L,https://www.idealo.co.uk/relocator/relocate?categoryId=3972&offerKey=68d38227b99c062b296c49f2acc216ae&offerListId=201914116-81549EE6FC5A4CBE069DD7ADCFEDE217&pos=11&price=89.00&productid=201914116&sid=28759&type=offer
01-GU-BLO-TS100-UK,GUCCI BLOOM EDT-S 100ML,3616302514298.0,9,118.0,45.95,,,0.0,201914116.0,Robertdyas.co.uk,£89.99 £899.90/L,https://www.idealo.co.uk/relocator/relocate?categoryId=3972&offerKey=a271d67c0d3c5c93061dc625977093f8&offerListId=201914116-81549EE6FC5A4CBE069DD7ADCFEDE217&pos=12&price=89.99&productid=201914116&sid=22151&type=offer
01-GU-BLO-TS50,GUCCI BLOOM EDT-S 50ML,3616302514281.0,88,82.0,35.95,,,0.0,201914115.0,,£41.12 £822.40/L,https://www.idealo.co.uk/relocator/relocate?categoryId=3972&offerKey=aa577a5998f441881432d889432a2fd9&offerListId=201914115-5F22F3F396280FEF7A133D6993E8E6E2&pos=1&price=41.12&productid=201914115&sid=307734&type=offer
01-GU-FLOGM-PS50-UK,GUCCI FLORA GORGEOUS MAGNOLIA EDP-S 50ML,3616303470906.0,244,95.0,45.95,,,0.0,203075997.0,,£52.48,https://www.idealo.co.uk/relocator/relocate?categoryId=3972&offerKey=d6ed0481112e8af561ccc7ce24f0d12a&offerListId=203075997-DA7629CA226FA10FB6D744F2144696D1&pos=1&price=52.48&productid=203075997&sid=307734&type=offer
01-GU-FLOGM-PS50-UK,GUCCI FLORA GORGEOUS MAGNOLIA EDP-S 50ML,3616303470906.0,244,95.0,45.95,,,0.0,203075997.0,my-origines.com(UK),£56.78,https://www.idealo.co.uk/relocator/relocate?categoryId=3972&offerKey=53d319bae94b580b35e634dd51946a93&offerListId=203075997-DA7629CA226FA10FB6D744F2144696D1&pos=2&price=56.78&productid=203075997&sid=328503&type=offer
01-GU-FLOGM-PS50-UK,GUCCI FLORA GORGEOUS MAGNOLIA EDP-S 50ML,3616303470906.0,244,95.0,45.95,,,0.0,203075997.0,Perfumeclick.co.uk,£74.20,https://www.idealo.co.uk/relocator/relocate?categoryId=3972&offerKey=24865510d2fb78799509ab80eeb55c5e&offerListId=203075997-DA7629CA226FA10FB6D744F2144696D1&pos=3&price=74.20&productid=203075997&sid=69736&type=offer
01-GU-FLOGM-PS50-UK,GUCCI FLORA GORGEOUS MAGNOLIA EDP-S 50ML,3616303470906.0,244,95.0,45.95,,,0.0,203075997.0,perfumeprice.co.uk,£74.95,https://www.idealo.co.uk/relocator/relocate?categoryId=3972&offerKey=4a12c3b3406e2dc6cc55137c486dfc8b&offerListId=203075997-DA7629CA226FA10FB6D744F2144696D1&pos=4&price=74.95&productid=203075997&sid=321700&type=offer
01-GU-FLOGM-PS50-UK,GUCCI FLORA GORGEOUS MAGNOLIA EDP-S 50ML,3616303470906.0,244,95.0,45.95,,,0.0,203075997.0,cosmetify.com,£77.91,https://www.idealo.co.uk/relocator/relocate?categoryId=3972&offerKey=511f2936aef17aaab4a20c48802843ee&offerListId=203075997-DA7629CA226FA10FB6D744F2144696D1&pos=5&price=77.91&productid=203075997&sid=329503&type=offer
01-GU-FLOGM-PS50-UK,GUCCI FLORA GORGEOUS MAGNOLIA EDP-S 50ML,3616303470906.0,244,95.0,45.95,,,0.0,203075997.0,sephora.co.uk,£80.45,https://www.idealo.co.uk/relocator/relocate?categoryId=3972&offerKey=ec544104cd13380f8ab3c7a7f3c19ebd&offerListId=203075997-DA7629CA226FA10FB6D744F2144696D1&pos=6&price=80.45&productid=203075997&sid=27998&type=offer
01-GU-FLOGM-PS50-UK,GUCCI FLORA GORGEOUS MAGNOLIA EDP-S 50ML,3616303470906.0,244,95.0,45.95,,,0.0,203075997.0,Boots.com (UK),£80.75,https://www.idealo.co.uk/relocator/relocate?categoryId=3972&offerKey=9205446e94eec04aabaf72a5c3ecef19&offerListId=203075997-DA7629CA226FA10FB6D744F2144696D1&pos=7&price=80.75&productid=203075997&sid=27286&type=offer
01-GU-FLOGM-PS50-UK,GUCCI FLORA GORGEOUS MAGNOLIA EDP-S 50ML,3616303470906.0,244,95.0,45.95,,,0.0,203075997.0,Amazon-marketplace.co.uk,£84.75,https://www.idealo.co.uk/relocator/relocate?categoryId=3972&offerKey=7562f96d7aed866f7acf795d341aa849&offerListId=203075997-DA7629CA226FA10FB6D744F2144696D1&pos=8&price=84.75&productid=203075997&sid=22828&type=offer
01-GU-FLOGM-PS50-UK,GUCCI FLORA GORGEOUS MAGNOLIA EDP-S 50ML,3616303470906.0,244,95.0,45.95,,,0.0,203075997.0,onbuy.com,£89.76,https://www.idealo.co.uk/relocator/relocate?categoryId=3972&offerKey=f79af4f6ef1d5436a12dffa803646c11&offerListId=203075997-DA7629CA226FA10FB6D744F2144696D1&pos=9&price=89.76&productid=203075997&sid=316895&type=offer
01-GU-FLOGM-PS50-UK,GUCCI FLORA GORGEOUS MAGNOLIA EDP-S 50ML,3616303470906.0,244,95.0,45.95,,,0.0,203075997.0,johnlewis.com,£95.00,https://www.idealo.co.uk/relocator/relocate?categoryId=3972&offerKey=ebf54f83f27a0a75c85c5b8486a30f65&offerListId=203075997-DA7629CA226FA10FB6D744F2144696D1&pos=10&price=95.00&productid=203075997&sid=22280&type=offer
01-GU-FLOGM-PS50-UK,GUCCI FLORA GORGEOUS MAGNOLIA EDP-S 50ML,3616303470906.0,244,95.0,45.95,,,0.0,203075997.0,jarrold.co.uk,£95.00,https://www.idealo.co.uk/relocator/relocate?categoryId=3972&offerKey=6ae700bd5bb60f1019890b53ab57fbbf&offerListId=203075997-DA7629CA226FA10FB6D744F2144696D1&pos=11&price=95.00&productid=203075997&sid=320866&type=offer
01-GU-FLOGM-PS50-UK,GUCCI FLORA GORGEOUS MAGNOLIA EDP-S 50ML,3616303470906.0,244,95.0,45.95,,,0.0,203075997.0,selfridges.com/GB/en/,£95.00,https://www.idealo.co.uk/relocator/relocate?categoryId=3972&offerKey=7124251fc5cf8c864f3b6ad37253ea11&offerListId=203075997-DA7629CA226FA10FB6D744F2144696D1&pos=12&price=95.00&productid=203075997&sid=279735&type=offer
01-GU-FLOGM-PS50-UK,GUCCI FLORA GORGEOUS MAGNOLIA EDP-S 50ML,3616303470906.0,244,95.0,45.95,,,0.0,203075997.0,flannels.com,£95.00,https://www.idealo.co.uk/relocator/relocate?categoryId=3972&offerKey=ee336ee1c11b5e3bfafe2525f2607fc3&offerListId=203075997-DA7629CA226FA10FB6D744F2144696D1&pos=13&price=95.00&productid=203075997&sid=329528&type=offer
01-GU-FLOGM-PS50-UK,GUCCI FLORA GORGEOUS MAGNOLIA EDP-S 50ML,3616303470906.0,244,95.0,45.95,,,0.0,203075997.0,Luxplus.co.uk,£118.99,https://www.idealo.co.uk/relocator/relocate?categoryId=3972&offerKey=c93d14abdc5c313c6466a83ae17acf35&offerListId=203075997-DA7629CA226FA10FB6D744F2144696D1&pos=14&price=118.99&productid=203075997&sid=322970&type=offer
01-GU-FLOG-PS50-UK,GUCCI FLORA GORGEOUS GARDENIA EDP-S 50ML,3616302022489.0,8,95.0,47.95,,,0.0,201490323.0,,£48.96 £979.20/L,https://www.idealo.co.uk/relocator/relocate?categoryId=3972&offerKey=49e217cbc8daed260650b8f41fa35bbf&offerListId=201490323-DBE495C9D6FF430756AAB8D971DAC848&pos=1&price=48.96&productid=201490323&sid=307734&type=offer
01-GU-GUI-76110-UK,GUCCI GUILTY EDT-S 50ML,3616301976110.0,43,70.0,39.95,,,0.0,201060853.0,,£42.88 £857.60/L,https://www.idealo.co.uk/relocator/relocate?categoryId=3972&offerKey=3e40daf993020a455e1a67bd697f4ee2&offerListId=201060853-DDD95C4B50AAA2DB75ACD603BDCE3475&pos=1&price=42.88&productid=201060853&sid=307734&type=offer
01-GU-GUI-76110-UK,GUCCI GUILTY EDT-S 50ML,3616301976110.0,43,70.0,39.95,,,0.0,201060853.0,my-origines.com(UK),£49.73 £994.60/L,https://www.idealo.co.uk/relocator/relocate?categoryId=3972&offerKey=13c165ba0bc33b90870e8a857440ac2a&offerListId=201060853-DDD95C4B50AAA2DB75ACD603BDCE3475&pos=2&price=49.73&productid=201060853&sid=328503&type=offer
01-GU-GUI-76110-UK,GUCCI GUILTY EDT-S 50ML,3616301976110.0,43,70.0,39.95,,,0.0,201060853.0,,£42.88 £857.60/L,https://www.idealo.co.uk/relocator/relocate?categoryId=3972&offerKey=3e40daf993020a455e1a67bd697f4ee2&offerListId=201060853-DDD95C4B50AAA2DB75ACD603BDCE3475&pos=1&price=42.88&productid=201060853&sid=307734&type=offer
01-GU-GUI-76110-UK,GUCCI GUILTY EDT-S 50ML,3616301976110.0,43,70.0,39.95,,,0.0,201060853.0,my-origines.com(UK),£49.73 £994.60/L,https://www.idealo.co.uk/relocator/relocate?categoryId=3972&offerKey=13c165ba0bc33b90870e8a857440ac2a&offerListId=201060853-DDD95C4B50AAA2DB75ACD603BDCE3475&pos=2&price=49.73&productid=201060853&sid=328503&type=offer
01-GU-GUI-SG150,GUCCI GUILTY SHOWER GEL 150ML,3616303855949.0,17,28.0,14.95,,,0.0,202808304.0,,£25.60 £170.67/L,https://www.idealo.co.uk/relocator/relocate?categoryId=18481&offerKey=0ff1389a1324bf716b34e6c33cd82200&offerListId=202808304-9669B0A638A8246352EAB4D0663C0B8E&pos=1&price=25.60&productid=202808304&sid=307734&type=offer
01-GU-GUI-SG150,GUCCI GUILTY SHOWER GEL 150ML,3616303855949.0,17,28.0,14.95,,,0.0,202808304.0,Perfumeclick.co.uk,£25.85 £172.33/L,https://www.idealo.co.uk/relocator/relocate?categoryId=18481&offerKey=3834d006a3c14804cfdce54625b84efd&offerListId=202808304-9669B0A638A8246352EAB4D0663C0B8E&pos=2&price=25.85&productid=202808304&sid=69736&type=offer
01-GU-GUI-SG150,GUCCI GUILTY SHOWER GEL 150ML,3616303855949.0,17,28.0,14.95,,,0.0,202808304.0,cosmetify.com,£27.14 £180.93/L,https://www.idealo.co.uk/relocator/relocate?categoryId=18481&offerKey=ec5c7f6b047a8abc1f1f13c847db9180&offerListId=202808304-9669B0A638A8246352EAB4D0663C0B8E&pos=3&price=27.14&productid=202808304&sid=329503&type=offer
01-GU-GUI-SG150,GUCCI GUILTY SHOWER GEL 150ML,3616303855949.0,17,28.0,14.95,,,0.0,202808304.0,flannels.com,£36.00 £240.00/L,https://www.idealo.co.uk/relocator/relocate?categoryId=18481&offerKey=bad2f6b0925a77db5787e1cd3bd6f8e8&offerListId=202808304-9669B0A638A8246352EAB4D0663C0B8E&pos=4&price=36.00&productid=202808304&sid=329528&type=offer
01-GU-GUI-TS50,GUCCI GUILTY EDT-S 50ML,3616301976110.0,125,70.0,39.95,,,0.0,201060853.0,,£42.88 £857.60/L,https://www.idealo.co.uk/relocator/relocate?categoryId=3972&offerKey=3e40daf993020a455e1a67bd697f4ee2&offerListId=201060853-DDD95C4B50AAA2DB75ACD603BDCE3475&pos=1&price=42.88&productid=201060853&sid=307734&type=offer
01-GU-GUI-TS50,GUCCI GUILTY EDT-S 50ML,3616301976110.0,125,70.0,39.95,,,0.0,201060853.0,my-origines.com(UK),£49.73 £994.60/L,https://www.idealo.co.uk/relocator/relocate?categoryId=3972&offerKey=13c165ba0bc33b90870e8a857440ac2a&offerListId=201060853-DDD95C4B50AAA2DB75ACD603BDCE3475&pos=2&price=49.73&productid=201060853&sid=328503&type=offer
01-GU-GUI-TS50,GUCCI GUILTY EDT-S 50ML,3616301976110.0,125,70.0,39.95,,,0.0,201060853.0,,£42.88 £857.60/L,https://www.idealo.co.uk/relocator/relocate?categoryId=3972&offerKey=3e40daf993020a455e1a67bd697f4ee2&offerListId=201060853-DDD95C4B50AAA2DB75ACD603BDCE3475&pos=1&price=42.88&productid=201060853&sid=307734&type=offer
01-GU-GUI-TS50,GUCCI GUILTY EDT-S 50ML,3616301976110.0,125,70.0,39.95,,,0.0,201060853.0,my-origines.com(UK),£49.73 £994.60/L,https://www.idealo.co.uk/relocator/relocate?categoryId=3972&offerKey=13c165ba0bc33b90870e8a857440ac2a&offerListId=201060853-DDD95C4B50AAA2DB75ACD603BDCE3475&pos=2&price=49.73&productid=201060853&sid=328503&type=offer
01-GUR-NDS-TS125,GUERLAIN AQUA ALLEGORIA NETTARE DI SOLE EDT-S 125ML,3346470142824.0,45,124.0,28.95,,,0.0,201258776.0,Clearchemist.co.uk,£43.93 £351.44/L,https://www.idealo.co.uk/relocator/relocate?categoryId=3972&offerKey=355054e44a4463fe6459eedf86256d1f&offerListId=201258776-5AB6DCD4FA2126BA8C683029456B7802&pos=1&price=43.93&productid=201258776&sid=289670&type=offer
01-GUR-NDS-TS125,GUERLAIN AQUA ALLEGORIA NETTARE DI SOLE EDT-S 125ML,3346470142824.0,45,124.0,28.95,,,0.0,201258776.0,ebay.co.uk,£45.95 £367.60/L,https://www.idealo.co.uk/relocator/relocate?categoryId=3972&offerKey=dfb5bea7ae54f90104b6800f34a3e952&offerListId=201258776-5AB6DCD4FA2126BA8C683029456B7802&pos=2&price=45.95&productid=201258776&sid=22818&type=offer
01-GUR-NDS-TS125,GUERLAIN AQUA ALLEGORIA NETTARE DI SOLE EDT-S 125ML,3346470142824.0,45,124.0,28.95,,,0.0,201258776.0,perfumeprice.co.uk,£45.95 £367.60/L,https://www.idealo.co.uk/relocator/relocate?categoryId=3972&offerKey=912f558fff7bee74052cd9b74a328e85&offerListId=201258776-5AB6DCD4FA2126BA8C683029456B7802&pos=3&price=45.95&productid=201258776&sid=321700&type=offer
01-GUR-NDS-TS125,GUERLAIN AQUA ALLEGORIA NETTARE DI SOLE EDT-S 125ML,3346470142824.0,45,124.0,28.95,,,0.0,201258776.0,secretsales.com (UK),£51.83 £414.64/L,https://www.idealo.co.uk/relocator/relocate?categoryId=3972&offerKey=bfcdf1f533b9f835e085d79d0b0b2541&offerListId=201258776-5AB6DCD4FA2126BA8C683029456B7802&pos=4&price=51.83&productid=201258776&sid=324015&type=offer
01-GUR-NDS-TS125,GUERLAIN AQUA ALLEGORIA NETTARE DI SOLE EDT-S 125ML,3346470142824.0,45,124.0,28.95,,,0.0,201258776.0,amazon.co.uk,£51.95 £415.60/L,https://www.idealo.co.uk/relocator/relocate?categoryId=3972&offerKey=9341cafdd065bf7b9e1139c0edfa082d&offerListId=201258776-5AB6DCD4FA2126BA8C683029456B7802&pos=5&price=51.95&productid=201258776&sid=12004&type=offer
01-GUR-NDS-TS125,GUERLAIN AQUA ALLEGORIA NETTARE DI SOLE EDT-S 125ML,3346470142824.0,45,124.0,28.95,,,0.0,201258776.0,Amazon-marketplace.co.uk,£51.95 £415.60/L,https://www.idealo.co.uk/relocator/relocate?categoryId=3972&offerKey=a908216ef469ee2248904057b83b61c9&offerListId=201258776-5AB6DCD4FA2126BA8C683029456B7802&pos=6&price=51.95&productid=201258776&sid=22828&type=offer
01-GUR-NDS-TS125,GUERLAIN AQUA ALLEGORIA NETTARE DI SOLE EDT-S 125ML,3346470142824.0,45,124.0,28.95,,,0.0,201258776.0,allbeauty.com(UK),£51.95 £415.60/L,https://www.idealo.co.uk/relocator/relocate?categoryId=3972&offerKey=7dd8e84823687339a086d6997b55cb5a&offerListId=201258776-5AB6DCD4FA2126BA8C683029456B7802&pos=7&price=51.95&productid=201258776&sid=28942&type=offer
01-GUR-NDS-TS125,GUERLAIN AQUA ALLEGORIA NETTARE DI SOLE EDT-S 125ML,3346470142824.0,45,124.0,28.95,,,0.0,201258776.0,onbuy.com,£56.04 £448.32/L,https://www.idealo.co.uk/relocator/relocate?categoryId=3972&offerKey=24325f37749960f1959e52acb0252747&offerListId=201258776-5AB6DCD4FA2126BA8C683029456B7802&pos=8&price=56.04&productid=201258776&sid=316895&type=offer
01-GUR-NDS-TS125,GUERLAIN AQUA ALLEGORIA NETTARE DI SOLE EDT-S 125ML,3346470142824.0,45,124.0,28.95,,,0.0,201258776.0,Tjhughes.co.uk,£72.00 £576.00/L,https://www.idealo.co.uk/relocator/relocate?categoryId=3972&offerKey=743b7174f8f02268280f7261c910a953&offerListId=201258776-5AB6DCD4FA2126BA8C683029456B7802&pos=9&price=72.00&productid=201258776&sid=28759&type=offer
01-GUR-NDS-TS125,GUERLAIN AQUA ALLEGORIA NETTARE DI SOLE EDT-S 125ML,3346470142824.0,45,124.0,28.95,,,0.0,201258776.0,unineed.com,£99.99 £799.92/L,https://www.idealo.co.uk/relocator/relocate?categoryId=3972&offerKey=51fd2070b33169f5c08f40eb726ada18&offerListId=201258776-5AB6DCD4FA2126BA8C683029456B7802&pos=10&price=99.99&productid=201258776&sid=314440&type=offer
01-GUR-NDS-TS125,GUERLAIN AQUA ALLEGORIA NETTARE DI SOLE EDT-S 125ML,3346470142824.0,45,124.0,28.95,,,0.0,201258776.0,Luxplus.co.uk,£110.99 £887.92/L,https://www.idealo.co.uk/relocator/relocate?categoryId=3972&offerKey=7ab90c5cb67b858b557527c3a2f323cc&offerListId=201258776-5AB6DCD4FA2126BA8C683029456B7802&pos=11&price=110.99&productid=201258776&sid=322970&type=offer
01-GUR-NV-TS125,GUERLAIN AQUA ALLEGORIA NEROLIA VETIVER EDT-S 125ML,3346470144132.0,165,127.0,32.95,,,0.0,201865105.0,ebay.co.uk,£51.20 £409.60/L,https://www.idealo.co.uk/relocator/relocate?categoryId=16252&offerKey=ff71d62e4897b1dcec91225dcc5e3855&offerListId=201865105-E221387BE8B172DBDCAFBB1A4FBEF71C&pos=1&price=51.20&productid=201865105&sid=22818&type=offer
01-GUR-NV-TS125,GUERLAIN AQUA ALLEGORIA NEROLIA VETIVER EDT-S 125ML,3346470144132.0,165,127.0,32.95,,,0.0,201865105.0,Perfumeclick.co.uk,£54.15 £433.20/L,https://www.idealo.co.uk/relocator/relocate?categoryId=16252&offerKey=5e5c343f7eb1582256506c7b3e2747e7&offerListId=201865105-E221387BE8B172DBDCAFBB1A4FBEF71C&pos=2&price=54.15&productid=201865105&sid=69736&type=offer
01-GUR-NV-TS125,GUERLAIN AQUA ALLEGORIA NEROLIA VETIVER EDT-S 125ML,3346470144132.0,165,127.0,32.95,,,0.0,201865105.0,cosmetify.com,£56.86 £454.88/L,https://www.idealo.co.uk/relocator/relocate?categoryId=16252&offerKey=f1f132ade742f2d97634dd5844941428&offerListId=201865105-E221387BE8B172DBDCAFBB1A4FBEF71C&pos=3&price=56.86&productid=201865105&sid=329503&type=offer
01-GUR-NV-TS125,GUERLAIN AQUA ALLEGORIA NEROLIA VETIVER EDT-S 125ML,3346470144132.0,165,127.0,32.95,,,0.0,201865105.0,secretsales.com (UK),£60.40 £483.20/L,https://www.idealo.co.uk/relocator/relocate?categoryId=16252&offerKey=17125ba6d84bb47681eb403435890be8&offerListId=201865105-E221387BE8B172DBDCAFBB1A4FBEF71C&pos=4&price=60.40&productid=201865105&sid=324015&type=offer
01-GUR-NV-TS125,GUERLAIN AQUA ALLEGORIA NEROLIA VETIVER EDT-S 125ML,3346470144132.0,165,127.0,32.95,,,0.0,201865105.0,Amazon-marketplace.co.uk,£61.36 £490.88/L,https://www.idealo.co.uk/relocator/relocate?categoryId=16252&offerKey=c73b3c9b33272cc9b3b22684e3e92ebf&offerListId=201865105-E221387BE8B172DBDCAFBB1A4FBEF71C&pos=5&price=61.36&productid=201865105&sid=22828&type=offer
01-GUR-NV-TS125,GUERLAIN AQUA ALLEGORIA NEROLIA VETIVER EDT-S 125ML,3346470144132.0,165,127.0,32.95,,,0.0,201865105.0,amazon.co.uk,£61.78 £494.24/L,https://www.idealo.co.uk/relocator/relocate?categoryId=16252&offerKey=2eb2d7a0fde32c8b51c08a7d9117832e&offerListId=201865105-E221387BE8B172DBDCAFBB1A4FBEF71C&pos=6&price=61.78&productid=201865105&sid=12004&type=offer
01-GUR-NV-TS125,GUERLAIN AQUA ALLEGORIA NEROLIA VETIVER EDT-S 125ML,3346470144132.0,165,127.0,32.95,,,0.0,201865105.0,onbuy.com,£61.99 £495.92/L,https://www.idealo.co.uk/relocator/relocate?categoryId=16252&offerKey=369b849246e90a72f41599371769316b&offerListId=201865105-E221387BE8B172DBDCAFBB1A4FBEF71C&pos=7&price=61.99&productid=201865105&sid=316895&type=offer
01-GUR-NV-TS125,GUERLAIN AQUA ALLEGORIA NEROLIA VETIVER EDT-S 125ML,3346470144132.0,165,127.0,32.95,,,0.0,201865105.0,perfumeprice.co.uk,£69.95 £559.60/L,https://www.idealo.co.uk/relocator/relocate?categoryId=16252&offerKey=b0e34fc0246c82ae38ebbbd5ec5b62f6&offerListId=201865105-E221387BE8B172DBDCAFBB1A4FBEF71C&pos=8&price=69.95&productid=201865105&sid=321700&type=offer
01-GUR-NV-TS125,GUERLAIN AQUA ALLEGORIA NEROLIA VETIVER EDT-S 125ML,3346470144132.0,165,127.0,32.95,,,0.0,201865105.0,allbeauty.com(UK),£72.95 £583.60/L,https://www.idealo.co.uk/relocator/relocate?categoryId=16252&offerKey=7f9619827f01ee0ca155b013dabf90c6&offerListId=201865105-E221387BE8B172DBDCAFBB1A4FBEF71C&pos=9&price=72.95&productid=201865105&sid=28942&type=offer
01-GUR-NV-TS125,GUERLAIN AQUA ALLEGORIA NEROLIA VETIVER EDT-S 125ML,3346470144132.0,165,127.0,32.95,,,0.0,201865105.0,unineed.com,£74.99 £599.92/L,https://www.idealo.co.uk/relocator/relocate?categoryId=16252&offerKey=1f596f8628c7af36e5a6f023323a0ce0&offerListId=201865105-E221387BE8B172DBDCAFBB1A4FBEF71C&pos=10&price=74.99&productid=201865105&sid=314440&type=offer
01-GUR-NV-TS125,GUERLAIN AQUA ALLEGORIA NEROLIA VETIVER EDT-S 125ML,3346470144132.0,165,127.0,32.95,,,0.0,201865105.0,Lookfantastic.com (UK),£76.20 £609.60/L,https://www.idealo.co.uk/relocator/relocate?categoryId=16252&offerKey=a80114e90d172f34f450453599abdb65&offerListId=201865105-E221387BE8B172DBDCAFBB1A4FBEF71C&pos=11&price=76.20&productid=201865105&sid=24416&type=offer
01-GUR-NV-TS125,GUERLAIN AQUA ALLEGORIA NEROLIA VETIVER EDT-S 125ML,3346470144132.0,165,127.0,32.95,,,0.0,201865105.0,my-origines.com(UK),£80.67 £645.36/L,https://www.idealo.co.uk/relocator/relocate?categoryId=16252&offerKey=21e40428603647c33b483493ae67cc21&offerListId=201865105-E221387BE8B172DBDCAFBB1A4FBEF71C&pos=12&price=80.67&productid=201865105&sid=328503&type=offer
01-GUR-NV-TS125,GUERLAIN AQUA ALLEGORIA NEROLIA VETIVER EDT-S 125ML,3346470144132.0,165,127.0,32.95,,,0.0,201865105.0,escentual.com(UK),£82.55 £660.40/L,https://www.idealo.co.uk/relocator/relocate?categoryId=16252&offerKey=aa30886da687985bef057347a72b93f0&offerListId=201865105-E221387BE8B172DBDCAFBB1A4FBEF71C&pos=13&price=82.55&productid=201865105&sid=21988&type=offer
01-GUR-NV-TS125,GUERLAIN AQUA ALLEGORIA NEROLIA VETIVER EDT-S 125ML,3346470144132.0,165,127.0,32.95,,,0.0,201865105.0,notino.co.uk,£83.50 £668.00/L,https://www.idealo.co.uk/relocator/relocate?categoryId=16252&offerKey=548d77b86f12d64732c854b4070021b5&offerListId=201865105-E221387BE8B172DBDCAFBB1A4FBEF71C&pos=14&price=83.50&productid=201865105&sid=307734&type=offer
01-GUR-NV-TS125,GUERLAIN AQUA ALLEGORIA NEROLIA VETIVER EDT-S 125ML,3346470144132.0,165,127.0,32.95,,,0.0,201865105.0,,£88.80 £710.40/L,https://www.idealo.co.uk/relocator/relocate?categoryId=16252&offerKey=59ac9bfb9babdf1766fc51c7f81be7ad&offerListId=201865105-E221387BE8B172DBDCAFBB1A4FBEF71C&pos=15&price=88.80&productid=201865105&sid=307734&type=offer
01-GUR-NV-TS125,GUERLAIN AQUA ALLEGORIA NEROLIA VETIVER EDT-S 125ML,3346470144132.0,165,127.0,32.95,,,0.0,201865105.0,escentual.com(UK),£103.30 £826.40/L,https://www.idealo.co.uk/relocator/relocate?categoryId=16252&offerKey=c1a5e4d0eacfaee24fde9b0d3bf9d73d&offerListId=201865105-E221387BE8B172DBDCAFBB1A4FBEF71C&pos=16&price=103.30&productid=201865105&sid=21988&type=offer
01-GUR-NV-TS125,GUERLAIN AQUA ALLEGORIA NEROLIA VETIVER EDT-S 125ML,3346470144132.0,165,127.0,32.95,,,0.0,201865105.0,Boots.com (UK),£105.40 £843.20/L,https://www.idealo.co.uk/relocator/relocate?categoryId=16252&offerKey=7b0925797e12fa50d766a1dd937032e4&offerListId=201865105-E221387BE8B172DBDCAFBB1A4FBEF71C&pos=17&price=105.40&productid=201865105&sid=27286&type=offer
01-GUR-NV-TS125,GUERLAIN AQUA ALLEGORIA NEROLIA VETIVER EDT-S 125ML,3346470144132.0,165,127.0,32.95,,,0.0,201865105.0,sephora.co.uk,£111.00 £888.00/L,https://www.idealo.co.uk/relocator/relocate?categoryId=16252&offerKey=9b73908dc977a40d1052ecbd4d8cace7&offerListId=201865105-E221387BE8B172DBDCAFBB1A4FBEF71C&pos=18&price=111.00&productid=201865105&sid=27998&type=offer
01-GUR-NV-TS125,GUERLAIN AQUA ALLEGORIA NEROLIA VETIVER EDT-S 125ML,3346470144132.0,165,127.0,32.95,,,0.0,201865105.0,Fragrancedirect.co.uk,£111.60 £892.80/L,https://www.idealo.co.uk/relocator/relocate?categoryId=16252&offerKey=77deb141b5910b79adc0714b3cdb3879&offerListId=201865105-E221387BE8B172DBDCAFBB1A4FBEF71C&pos=19&price=111.60&productid=201865105&sid=21971&type=offer
01-GUR-NV-TS125,GUERLAIN AQUA ALLEGORIA NEROLIA VETIVER EDT-S 125ML,3346470144132.0,165,127.0,32.95,,,0.0,201865105.0,onbuy.com,£122.00 £976.00/L,https://www.idealo.co.uk/relocator/relocate?categoryId=16252&offerKey=e14e796e44d203b26d99b7fe3342122a&offerListId=201865105-E221387BE8B172DBDCAFBB1A4FBEF71C&pos=20&price=122.00&productid=201865105&sid=316895&type=offer
01-GU-RUSH-TS75,GUCCI RUSH EDT-S 75ML,8005610328799.0,812,97.0,33.95,,,0.0,607455.0,Amazon-marketplace.co.uk,£47.51 £633.47/L,https://www.idealo.co.uk/relocator/relocate?categoryId=3972&offerKey=2de41c92a1abce61f2df58538314cb58&offerListId=607455-30030226329B17C6F7162A0FB3858CAF&pos=1&price=47.51&productid=607455&sid=22828&type=offer
01-GU-RUSH-TS75,GUCCI RUSH EDT-S 75ML,8005610328799.0,812,97.0,33.95,,,0.0,607455.0,perfumeprice.co.uk,£54.95 £732.67/L,https://www.idealo.co.uk/relocator/relocate?categoryId=3972&offerKey=889c2f40764253f37f64d3070414de79&offerListId=607455-30030226329B17C6F7162A0FB3858CAF&pos=2&price=54.95&productid=607455&sid=321700&type=offer
01-GU-RUSH-TS75,GUCCI RUSH EDT-S 75ML,8005610328799.0,812,97.0,33.95,,,0.0,607455.0,,£55.04 £733.87/L,https://www.idealo.co.uk/relocator/relocate?categoryId=3972&offerKey=57f41cf33445ddd23195764a5fa4a5c0&offerListId=607455-30030226329B17C6F7162A0FB3858CAF&pos=3&price=55.04&productid=607455&sid=307734&type=offer
01-GU-RUSH-TS75,GUCCI RUSH EDT-S 75ML,8005610328799.0,812,97.0,33.95,,,0.0,607455.0,Dressinn.com (UK),£57.49 £766.53/L,https://www.idealo.co.uk/relocator/relocate?categoryId=3972&offerKey=ce4a0daeae4a4525d4e0cf9ff9561983&offerListId=607455-30030226329B17C6F7162A0FB3858CAF&pos=4&price=57.49&productid=607455&sid=318629&type=offer
01-GU-RUSH-TS75,GUCCI RUSH EDT-S 75ML,8005610328799.0,812,97.0,33.95,,,0.0,607455.0,ebay.co.uk,£57.71 £769.47/L,https://www.idealo.co.uk/relocator/relocate?categoryId=3972&offerKey=e1d857c32eae3473d896cae8f16ef44c&offerListId=607455-30030226329B17C6F7162A0FB3858CAF&pos=5&price=57.71&productid=607455&sid=22818&type=offer
01-GU-RUSH-TS75,GUCCI RUSH EDT-S 75ML,8005610328799.0,812,97.0,33.95,,,0.0,607455.0,onbuy.com,£58.34 £777.87/L,https://www.idealo.co.uk/relocator/relocate?categoryId=3972&offerKey=d5996d416540728acabc7da6ef811605&offerListId=607455-30030226329B17C6F7162A0FB3858CAF&pos=6&price=58.34&productid=607455&sid=316895&type=offer
01-GU-RUSH-TS75,GUCCI RUSH EDT-S 75ML,8005610328799.0,812,97.0,33.95,,,0.0,607455.0,cosmetify.com,£58.59 £781.20/L,https://www.idealo.co.uk/relocator/relocate?categoryId=3972&offerKey=804f10d696efed64788853445179904d&offerListId=607455-30030226329B17C6F7162A0FB3858CAF&pos=7&price=58.59&productid=607455&sid=329503&type=offer
01-GU-RUSH-TS75,GUCCI RUSH EDT-S 75ML,8005610328799.0,812,97.0,33.95,,,0.0,607455.0,unineed.com,£58.99 £786.53/L,https://www.idealo.co.uk/relocator/relocate?categoryId=3972&offerKey=163ebb1f43a21bfe178e925075a0a68d&offerListId=607455-30030226329B17C6F7162A0FB3858CAF&pos=8&price=58.99&productid=607455&sid=314440&type=offer
01-GU-RUSH-TS75,GUCCI RUSH EDT-S 75ML,8005610328799.0,812,97.0,33.95,,,0.0,607455.0,perfumedirect.com,£61.99 £826.53/L,https://www.idealo.co.uk/relocator/relocate?categoryId=3972&offerKey=c06aaa5beb0b6870df4d17255b710cd4&offerListId=607455-30030226329B17C6F7162A0FB3858CAF&pos=9&price=61.99&productid=607455&sid=318630&type=offer
01-GU-RUSH-TS75,GUCCI RUSH EDT-S 75ML,8005610328799.0,812,97.0,33.95,,,0.0,607455.0,onbuy.com,£63.99 £853.20/L,https://www.idealo.co.uk/relocator/relocate?categoryId=3972&offerKey=149324ddbfa66607fc446698462c9711&offerListId=607455-30030226329B17C6F7162A0FB3858CAF&pos=10&price=63.99&productid=607455&sid=316895&type=offer
01-GU-RUSH-TS75,GUCCI RUSH EDT-S 75ML,8005610328799.0,812,97.0,33.95,,,0.0,607455.0,secretsales.com (UK),£68.54 £913.87/L,https://www.idealo.co.uk/relocator/relocate?categoryId=3972&offerKey=9120f5726608121c632779f2d6cb35dc&offerListId=607455-30030226329B17C6F7162A0FB3858CAF&pos=11&price=68.54&productid=607455&sid=324015&type=offer
01-GU-RUSH-TS75,GUCCI RUSH EDT-S 75ML,8005610328799.0,812,97.0,33.95,,,0.0,607455.0,Expresschemist.co.uk,£70.99 £946.53/L,https://www.idealo.co.uk/relocator/relocate?categoryId=3972&offerKey=18682bba4cfe38de57a8a3da809d93b6&offerListId=607455-30030226329B17C6F7162A0FB3858CAF&pos=12&price=70.99&productid=607455&sid=22167&type=offer
01-GU-RUSH-TS75,GUCCI RUSH EDT-S 75ML,8005610328799.0,812,97.0,33.95,,,0.0,607455.0,Amazon-marketplace.co.uk,£47.51 £633.47/L,https://www.idealo.co.uk/relocator/relocate?categoryId=3972&offerKey=2de41c92a1abce61f2df58538314cb58&offerListId=607455-30030226329B17C6F7162A0FB3858CAF&pos=1&price=47.51&productid=607455&sid=22828&type=offer
01-GU-RUSH-TS75,GUCCI RUSH EDT-S 75ML,8005610328799.0,812,97.0,33.95,,,0.0,607455.0,perfumeprice.co.uk,£54.95 £732.67/L,https://www.idealo.co.uk/relocator/relocate?categoryId=3972&offerKey=889c2f40764253f37f64d3070414de79&offerListId=607455-30030226329B17C6F7162A0FB3858CAF&pos=2&price=54.95&productid=607455&sid=321700&type=offer
01-GU-RUSH-TS75,GUCCI RUSH EDT-S 75ML,8005610328799.0,812,97.0,33.95,,,0.0,607455.0,,£55.04 £733.87/L,https://www.idealo.co.uk/relocator/relocate?categoryId=3972&offerKey=57f41cf33445ddd23195764a5fa4a5c0&offerListId=607455-30030226329B17C6F7162A0FB3858CAF&pos=3&price=55.04&productid=607455&sid=307734&type=offer
01-GU-RUSH-TS75,GUCCI RUSH EDT-S 75ML,8005610328799.0,812,97.0,33.95,,,0.0,607455.0,Dressinn.com (UK),£57.49 £766.53/L,https://www.idealo.co.uk/relocator/relocate?categoryId=3972&offerKey=ce4a0daeae4a4525d4e0cf9ff9561983&offerListId=607455-30030226329B17C6F7162A0FB3858CAF&pos=4&price=57.49&productid=607455&sid=318629&type=offer
01-GU-RUSH-TS75,GUCCI RUSH EDT-S 75ML,8005610328799.0,812,97.0,33.95,,,0.0,607455.0,ebay.co.uk,£57.71 £769.47/L,https://www.idealo.co.uk/relocator/relocate?categoryId=3972&offerKey=e1d857c32eae3473d896cae8f16ef44c&offerListId=607455-30030226329B17C6F7162A0FB3858CAF&pos=5&price=57.71&productid=607455&sid=22818&type=offer
01-GU-RUSH-TS75,GUCCI RUSH EDT-S 75ML,8005610328799.0,812,97.0,33.95,,,0.0,607455.0,onbuy.com,£58.34 £777.87/L,https://www.idealo.co.uk/relocator/relocate?categoryId=3972&offerKey=d5996d416540728acabc7da6ef811605&offerListId=607455-30030226329B17C6F7162A0FB3858CAF&pos=6&price=58.34&productid=607455&sid=316895&type=offer
01-GU-RUSH-TS75,GUCCI RUSH EDT-S 75ML,8005610328799.0,812,97.0,33.95,,,0.0,607455.0,cosmetify.com,£58.59 £781.20/L,https://www.idealo.co.uk/relocator/relocate?categoryId=3972&offerKey=804f10d696efed64788853445179904d&offerListId=607455-30030226329B17C6F7162A0FB3858CAF&pos=7&price=58.59&productid=607455&sid=329503&type=offer
01-GU-RUSH-TS75,GUCCI RUSH EDT-S 75ML,8005610328799.0,812,97.0,33.95,,,0.0,607455.0,unineed.com,£58.99 £786.53/L,https://www.idealo.co.uk/relocator/relocate?categoryId=3972&offerKey=163ebb1f43a21bfe178e925075a0a68d&offerListId=607455-30030226329B17C6F7162A0FB3858CAF&pos=8&price=58.99&productid=607455&sid=314440&type=offer
01-GU-RUSH-TS75,GUCCI RUSH EDT-S 75ML,8005610328799.0,812,97.0,33.95,,,0.0,607455.0,perfumedirect.com,£61.99 £826.53/L,https://www.idealo.co.uk/relocator/relocate?categoryId=3972&offerKey=c06aaa5beb0b6870df4d17255b710cd4&offerListId=607455-30030226329B17C6F7162A0FB3858CAF&pos=9&price=61.99&productid=607455&sid=318630&type=offer
01-GU-RUSH-TS75,GUCCI RUSH EDT-S 75ML,8005610328799.0,812,97.0,33.95,,,0.0,607455.0,onbuy.com,£63.99 £853.20/L,https://www.idealo.co.uk/relocator/relocate?categoryId=3972&offerKey=149324ddbfa66607fc446698462c9711&offerListId=607455-30030226329B17C6F7162A0FB3858CAF&pos=10&price=63.99&productid=607455&sid=316895&type=offer
01-GU-RUSH-TS75,GUCCI RUSH EDT-S 75ML,8005610328799.0,812,97.0,33.95,,,0.0,607455.0,secretsales.com (UK),£68.54 £913.87/L,https://www.idealo.co.uk/relocator/relocate?categoryId=3972&offerKey=9120f5726608121c632779f2d6cb35dc&offerListId=607455-30030226329B17C6F7162A0FB3858CAF&pos=11&price=68.54&productid=607455&sid=324015&type=offer
01-GU-RUSH-TS75,GUCCI RUSH EDT-S 75ML,8005610328799.0,812,97.0,33.95,,,0.0,607455.0,Expresschemist.co.uk,£70.99 £946.53/L,https://www.idealo.co.uk/relocator/relocate?categoryId=3972&offerKey=18682bba4cfe38de57a8a3da809d93b6&offerListId=607455-30030226329B17C6F7162A0FB3858CAF&pos=12&price=70.99&productid=607455&sid=22167&type=offer
01-GU-RUSH-TS75-UK,GUCCI RUSH EDT-S 75ML,8005610328799.0,306,97.0,33.95,,,0.0,607455.0,Amazon-marketplace.co.uk,£47.51 £633.47/L,https://www.idealo.co.uk/relocator/relocate?categoryId=3972&offerKey=2de41c92a1abce61f2df58538314cb58&offerListId=607455-30030226329B17C6F7162A0FB3858CAF&pos=1&price=47.51&productid=607455&sid=22828&type=offer
01-GU-RUSH-TS75-UK,GUCCI RUSH EDT-S 75ML,8005610328799.0,306,97.0,33.95,,,0.0,607455.0,perfumeprice.co.uk,£54.95 £732.67/L,https://www.idealo.co.uk/relocator/relocate?categoryId=3972&offerKey=889c2f40764253f37f64d3070414de79&offerListId=607455-30030226329B17C6F7162A0FB3858CAF&pos=2&price=54.95&productid=607455&sid=321700&type=offer
01-GU-RUSH-TS75-UK,GUCCI RUSH EDT-S 75ML,8005610328799.0,306,97.0,33.95,,,0.0,607455.0,,£55.04 £733.87/L,https://www.idealo.co.uk/relocator/relocate?categoryId=3972&offerKey=57f41cf33445ddd23195764a5fa4a5c0&offerListId=607455-30030226329B17C6F7162A0FB3858CAF&pos=3&price=55.04&productid=607455&sid=307734&type=offer
01-GU-RUSH-TS75-UK,GUCCI RUSH EDT-S 75ML,8005610328799.0,306,97.0,33.95,,,0.0,607455.0,Dressinn.com (UK),£57.49 £766.53/L,https://www.idealo.co.uk/relocator/relocate?categoryId=3972&offerKey=ce4a0daeae4a4525d4e0cf9ff9561983&offerListId=607455-30030226329B17C6F7162A0FB3858CAF&pos=4&price=57.49&productid=607455&sid=318629&type=offer
01-GU-RUSH-TS75-UK,GUCCI RUSH EDT-S 75ML,8005610328799.0,306,97.0,33.95,,,0.0,607455.0,ebay.co.uk,£57.71 £769.47/L,https://www.idealo.co.uk/relocator/relocate?categoryId=3972&offerKey=e1d857c32eae3473d896cae8f16ef44c&offerListId=607455-30030226329B17C6F7162A0FB3858CAF&pos=5&price=57.71&productid=607455&sid=22818&type=offer
01-GU-RUSH-TS75-UK,GUCCI RUSH EDT-S 75ML,8005610328799.0,306,97.0,33.95,,,0.0,607455.0,onbuy.com,£58.34 £777.87/L,https://www.idealo.co.uk/relocator/relocate?categoryId=3972&offerKey=d5996d416540728acabc7da6ef811605&offerListId=607455-30030226329B17C6F7162A0FB3858CAF&pos=6&price=58.34&productid=607455&sid=316895&type=offer
01-GU-RUSH-TS75-UK,GUCCI RUSH EDT-S 75ML,8005610328799.0,306,97.0,33.95,,,0.0,607455.0,cosmetify.com,£58.59 £781.20/L,https://www.idealo.co.uk/relocator/relocate?categoryId=3972&offerKey=804f10d696efed64788853445179904d&offerListId=607455-30030226329B17C6F7162A0FB3858CAF&pos=7&price=58.59&productid=607455&sid=329503&type=offer
01-GU-RUSH-TS75-UK,GUCCI RUSH EDT-S 75ML,8005610328799.0,306,97.0,33.95,,,0.0,607455.0,unineed.com,£58.99 £786.53/L,https://www.idealo.co.uk/relocator/relocate?categoryId=3972&offerKey=163ebb1f43a21bfe178e925075a0a68d&offerListId=607455-30030226329B17C6F7162A0FB3858CAF&pos=8&price=58.99&productid=607455&sid=314440&type=offer
01-GU-RUSH-TS75-UK,GUCCI RUSH EDT-S 75ML,8005610328799.0,306,97.0,33.95,,,0.0,607455.0,perfumedirect.com,£61.99 £826.53/L,https://www.idealo.co.uk/relocator/relocate?categoryId=3972&offerKey=c06aaa5beb0b6870df4d17255b710cd4&offerListId=607455-30030226329B17C6F7162A0FB3858CAF&pos=9&price=61.99&productid=607455&sid=318630&type=offer
01-GU-RUSH-TS75-UK,GUCCI RUSH EDT-S 75ML,8005610328799.0,306,97.0,33.95,,,0.0,607455.0,onbuy.com,£63.99 £853.20/L,https://www.idealo.co.uk/relocator/relocate?categoryId=3972&offerKey=149324ddbfa66607fc446698462c9711&offerListId=607455-30030226329B17C6F7162A0FB3858CAF&pos=10&price=63.99&productid=607455&sid=316895&type=offer
01-GU-RUSH-TS75-UK,GUCCI RUSH EDT-S 75ML,8005610328799.0,306,97.0,33.95,,,0.0,607455.0,secretsales.com (UK),£68.54 £913.87/L,https://www.idealo.co.uk/relocator/relocate?categoryId=3972&offerKey=9120f5726608121c632779f2d6cb35dc&offerListId=607455-30030226329B17C6F7162A0FB3858CAF&pos=11&price=68.54&productid=607455&sid=324015&type=offer
01-GU-RUSH-TS75-UK,GUCCI RUSH EDT-S 75ML,8005610328799.0,306,97.0,33.95,,,0.0,607455.0,Expresschemist.co.uk,£70.99 £946.53/L,https://www.idealo.co.uk/relocator/relocate?categoryId=3972&offerKey=18682bba4cfe38de57a8a3da809d93b6&offerListId=607455-30030226329B17C6F7162A0FB3858CAF&pos=12&price=70.99&productid=607455&sid=22167&type=offer
01-GU-RUSH-TS75-UK,GUCCI RUSH EDT-S 75ML,8005610328799.0,306,97.0,33.95,,,0.0,607455.0,Amazon-marketplace.co.uk,£47.51 £633.47/L,https://www.idealo.co.uk/relocator/relocate?categoryId=3972&offerKey=2de41c92a1abce61f2df58538314cb58&offerListId=607455-30030226329B17C6F7162A0FB3858CAF&pos=1&price=47.51&productid=607455&sid=22828&type=offer
01-GU-RUSH-TS75-UK,GUCCI RUSH EDT-S 75ML,8005610328799.0,306,97.0,33.95,,,0.0,607455.0,perfumeprice.co.uk,£54.95 £732.67/L,https://www.idealo.co.uk/relocator/relocate?categoryId=3972&offerKey=889c2f40764253f37f64d3070414de79&offerListId=607455-30030226329B17C6F7162A0FB3858CAF&pos=2&price=54.95&productid=607455&sid=321700&type=offer
01-GU-RUSH-TS75-UK,GUCCI RUSH EDT-S 75ML,8005610328799.0,306,97.0,33.95,,,0.0,607455.0,,£55.04 £733.87/L,https://www.idealo.co.uk/relocator/relocate?categoryId=3972&offerKey=57f41cf33445ddd23195764a5fa4a5c0&offerListId=607455-30030226329B17C6F7162A0FB3858CAF&pos=3&price=55.04&productid=607455&sid=307734&type=offer
01-GU-RUSH-TS75-UK,GUCCI RUSH EDT-S 75ML,8005610328799.0,306,97.0,33.95,,,0.0,607455.0,Dressinn.com (UK),£57.49 £766.53/L,https://www.idealo.co.uk/relocator/relocate?categoryId=3972&offerKey=ce4a0daeae4a4525d4e0cf9ff9561983&offerListId=607455-30030226329B17C6F7162A0FB3858CAF&pos=4&price=57.49&productid=607455&sid=318629&type=offer
01-GU-RUSH-TS75-UK,GUCCI RUSH EDT-S 75ML,8005610328799.0,306,97.0,33.95,,,0.0,607455.0,ebay.co.uk,£57.71 £769.47/L,https://www.idealo.co.uk/relocator/relocate?categoryId=3972&offerKey=e1d857c32eae3473d896cae8f16ef44c&offerListId=607455-30030226329B17C6F7162A0FB3858CAF&pos=5&price=57.71&productid=607455&sid=22818&type=offer
01-GU-RUSH-TS75-UK,GUCCI RUSH EDT-S 75ML,8005610328799.0,306,97.0,33.95,,,0.0,607455.0,onbuy.com,£58.34 £777.87/L,https://www.idealo.co.uk/relocator/relocate?categoryId=3972&offerKey=d5996d416540728acabc7da6ef811605&offerListId=607455-30030226329B17C6F7162A0FB3858CAF&pos=6&price=58.34&productid=607455&sid=316895&type=offer
01-GU-RUSH-TS75-UK,GUCCI RUSH EDT-S 75ML,8005610328799.0,306,97.0,33.95,,,0.0,607455.0,cosmetify.com,£58.59 £781.20/L,https://www.idealo.co.uk/relocator/relocate?categoryId=3972&offerKey=804f10d696efed64788853445179904d&offerListId=607455-30030226329B17C6F7162A0FB3858CAF&pos=7&price=58.59&productid=607455&sid=329503&type=offer
01-GU-RUSH-TS75-UK,GUCCI RUSH EDT-S 75ML,8005610328799.0,306,97.0,33.95,,,0.0,607455.0,unineed.com,£58.99 £786.53/L,https://www.idealo.co.uk/relocator/relocate?categoryId=3972&offerKey=163ebb1f43a21bfe178e925075a0a68d&offerListId=607455-30030226329B17C6F7162A0FB3858CAF&pos=8&price=58.99&productid=607455&sid=314440&type=offer
01-GU-RUSH-TS75-UK,GUCCI RUSH EDT-S 75ML,8005610328799.0,306,97.0,33.95,,,0.0,607455.0,perfumedirect.com,£61.99 £826.53/L,https://www.idealo.co.uk/relocator/relocate?categoryId=3972&offerKey=c06aaa5beb0b6870df4d17255b710cd4&offerListId=607455-30030226329B17C6F7162A0FB3858CAF&pos=9&price=61.99&productid=607455&sid=318630&type=offer
01-GU-RUSH-TS75-UK,GUCCI RUSH EDT-S 75ML,8005610328799.0,306,97.0,33.95,,,0.0,607455.0,onbuy.com,£63.99 £853.20/L,https://www.idealo.co.uk/relocator/relocate?categoryId=3972&offerKey=149324ddbfa66607fc446698462c9711&offerListId=607455-30030226329B17C6F7162A0FB3858CAF&pos=10&price=63.99&productid=607455&sid=316895&type=offer
01-GU-RUSH-TS75-UK,GUCCI RUSH EDT-S 75ML,8005610328799.0,306,97.0,33.95,,,0.0,607455.0,secretsales.com (UK),£68.54 £913.87/L,https://www.idealo.co.uk/relocator/relocate?categoryId=3972&offerKey=9120f5726608121c632779f2d6cb35dc&offerListId=607455-30030226329B17C6F7162A0FB3858CAF&pos=11&price=68.54&productid=607455&sid=324015&type=offer
01-GU-RUSH-TS75-UK,GUCCI RUSH EDT-S 75ML,8005610328799.0,306,97.0,33.95,,,0.0,607455.0,Expresschemist.co.uk,£70.99 £946.53/L,https://www.idealo.co.uk/relocator/relocate?categoryId=3972&offerKey=18682bba4cfe38de57a8a3da809d93b6&offerListId=607455-30030226329B17C6F7162A0FB3858CAF&pos=12&price=70.99&productid=607455&sid=22167&type=offer
01-HB-DR-PS50,HUGO BOSS HUGO DEEP RED EDP-S 50ML,737052683522.0,360,54.0,12.99,,,0.0,595379.0,Perfumeclick.co.uk,£20.55 £411.00/L,https://www.idealo.co.uk/relocator/relocate?categoryId=3972&offerKey=3a637ae87c07110d8605f9ee71e6c223&offerListId=595379-E910C25615CFBD7139CCC097F35E55DD&pos=1&price=20.55&productid=595379&sid=69736&type=offer
01-HB-DR-PS50,HUGO BOSS HUGO DEEP RED EDP-S 50ML,737052683522.0,360,54.0,12.99,,,0.0,595379.0,cosmetify.com,£21.58 £431.60/L,https://www.idealo.co.uk/relocator/relocate?categoryId=3972&offerKey=b3a1276435098a718afc8d0098a2d427&offerListId=595379-E910C25615CFBD7139CCC097F35E55DD&pos=2&price=21.58&productid=595379&sid=329503&type=offer
01-HB-DR-PS50,HUGO BOSS HUGO DEEP RED EDP-S 50ML,737052683522.0,360,54.0,12.99,,,0.0,595379.0,Scentsationalperfumes.com,£21.95 £439.00/L,https://www.idealo.co.uk/relocator/relocate?categoryId=3972&offerKey=712aef150b9745225b99e3203d025f88&offerListId=595379-E910C25615CFBD7139CCC097F35E55DD&pos=3&price=21.95&productid=595379&sid=282041&type=offer
01-HB-DR-PS50,HUGO BOSS HUGO DEEP RED EDP-S 50ML,737052683522.0,360,54.0,12.99,,,0.0,595379.0,ebay.co.uk,£23.27 £465.40/L,https://www.idealo.co.uk/relocator/relocate?categoryId=3972&offerKey=7778edd417b836c298e2cb522e2055d2&offerListId=595379-E910C25615CFBD7139CCC097F35E55DD&pos=4&price=23.27&productid=595379&sid=22818&type=offer
01-HB-DR-PS50,HUGO BOSS HUGO DEEP RED EDP-S 50ML,737052683522.0,360,54.0,12.99,,,0.0,595379.0,onbuy.com,£23.78 £475.60/L,https://www.idealo.co.uk/relocator/relocate?categoryId=3972&offerKey=0fcfaf46dc4b638cf23a7a1fb0009729&offerListId=595379-E910C25615CFBD7139CCC097F35E55DD&pos=5&price=23.78&productid=595379&sid=316895&type=offer
01-HB-DR-PS50,HUGO BOSS HUGO DEEP RED EDP-S 50ML,737052683522.0,360,54.0,12.99,,,0.0,595379.0,bodycareonline.co.uk,£23.99 £479.80/L,https://www.idealo.co.uk/relocator/relocate?categoryId=3972&offerKey=dffceb6990c47a8677b176dbbea39583&offerListId=595379-E910C25615CFBD7139CCC097F35E55DD&pos=6&price=23.99&productid=595379&sid=332851&type=offer
01-HB-DR-PS50,HUGO BOSS HUGO DEEP RED EDP-S 50ML,737052683522.0,360,54.0,12.99,,,0.0,595379.0,perfumedirect.com,£23.99 £479.80/L,https://www.idealo.co.uk/relocator/relocate?categoryId=3972&offerKey=db76579f0d32124bac1a00bb44322ecf&offerListId=595379-E910C25615CFBD7139CCC097F35E55DD&pos=7&price=23.99&productid=595379&sid=318630&type=offer
01-HB-DR-PS50,HUGO BOSS HUGO DEEP RED EDP-S 50ML,737052683522.0,360,54.0,12.99,,,0.0,595379.0,beautybase.com(UK),£25.00 £500.00/L,https://www.idealo.co.uk/relocator/relocate?categoryId=3972&offerKey=3fb4051d86df570899ba37e6fe9d6a06&offerListId=595379-E910C25615CFBD7139CCC097F35E55DD&pos=8&price=25.00&productid=595379&sid=299115&type=offer
01-HB-DR-PS50,HUGO BOSS HUGO DEEP RED EDP-S 50ML,737052683522.0,360,54.0,12.99,,,0.0,595379.0,flannels.com,£25.00 £500.00/L,https://www.idealo.co.uk/relocator/relocate?categoryId=3972&offerKey=dbf23c3e0f146381ef249f2e64e8f4be&offerListId=595379-E910C25615CFBD7139CCC097F35E55DD&pos=9&price=25.00&productid=595379&sid=329528&type=offer
01-HB-DR-PS50,HUGO BOSS HUGO DEEP RED EDP-S 50ML,737052683522.0,360,54.0,12.99,,,0.0,595379.0,Robertdyas.co.uk,£25.99 £519.80/L,https://www.idealo.co.uk/relocator/relocate?categoryId=3972&offerKey=e7b578f0344b4da7e23462320aa4f48a&offerListId=595379-E910C25615CFBD7139CCC097F35E55DD&pos=10&price=25.99&productid=595379&sid=22151&type=offer
01-HB-DR-PS50,HUGO BOSS HUGO DEEP RED EDP-S 50ML,737052683522.0,360,54.0,12.99,,,0.0,595379.0,Lookfantastic.com (UK),£27.00 £540.00/L,https://www.idealo.co.uk/relocator/relocate?categoryId=3972&offerKey=c6692df5d4fd6e3641b6e94d407ada32&offerListId=595379-E910C25615CFBD7139CCC097F35E55DD&pos=11&price=27.00&productid=595379&sid=24416&type=offer
01-HB-DR-PS50,HUGO BOSS HUGO DEEP RED EDP-S 50ML,737052683522.0,360,54.0,12.99,,,0.0,595379.0,,£27.54 £550.80/L,https://www.idealo.co.uk/relocator/relocate?categoryId=3972&offerKey=177f537f6fdd00e5be209702d7f1af60&offerListId=595379-E910C25615CFBD7139CCC097F35E55DD&pos=12&price=27.54&productid=595379&sid=307734&type=offer
01-HB-DR-PS50,HUGO BOSS HUGO DEEP RED EDP-S 50ML,737052683522.0,360,54.0,12.99,,,0.0,595379.0,parfumdreams.co.uk,£28.42 £568.40/L,https://www.idealo.co.uk/relocator/relocate?categoryId=3972&offerKey=a87763202a567c1f26c07873dc04b474&offerListId=595379-E910C25615CFBD7139CCC097F35E55DD&pos=13&price=28.42&productid=595379&sid=316458&type=offer
01-HB-DR-PS50,HUGO BOSS HUGO DEEP RED EDP-S 50ML,737052683522.0,360,54.0,12.99,,,0.0,595379.0,escentual.com(UK),£29.70 £594.00/L,https://www.idealo.co.uk/relocator/relocate?categoryId=3972&offerKey=e38155a243435852aa3b847be5b4b4af&offerListId=595379-E910C25615CFBD7139CCC097F35E55DD&pos=14&price=29.70&productid=595379&sid=21988&type=offer
01-HB-DR-PS50,HUGO BOSS HUGO DEEP RED EDP-S 50ML,737052683522.0,360,54.0,12.99,,,0.0,595379.0,allbeauty.com(UK),£29.95 £599.00/L,https://www.idealo.co.uk/relocator/relocate?categoryId=3972&offerKey=5c2f8950f91bdeac77cceaaebbac0560&offerListId=595379-E910C25615CFBD7139CCC097F35E55DD&pos=15&price=29.95&productid=595379&sid=28942&type=offer
01-HB-DR-PS50,HUGO BOSS HUGO DEEP RED EDP-S 50ML,737052683522.0,360,54.0,12.99,,,0.0,595379.0,Directcosmetics.com(UK),£29.99 £599.80/L,https://www.idealo.co.uk/relocator/relocate?categoryId=3972&offerKey=c8cef85a3eaf174cd68f0cdc3550b1b4&offerListId=595379-E910C25615CFBD7139CCC097F35E55DD&pos=16&price=29.99&productid=595379&sid=24317&type=offer
01-HB-DR-PS50,HUGO BOSS HUGO DEEP RED EDP-S 50ML,737052683522.0,360,54.0,12.99,,,0.0,595379.0,Thefragrancecounter.com (UK),£30.95 £619.00/L,https://www.idealo.co.uk/relocator/relocate?categoryId=3972&offerKey=0be6db1acd13346f1315ecb7503275df&offerListId=595379-E910C25615CFBD7139CCC097F35E55DD&pos=17&price=30.95&productid=595379&sid=299378&type=offer
01-HB-DR-PS50,HUGO BOSS HUGO DEEP RED EDP-S 50ML,737052683522.0,360,54.0,12.99,,,0.0,595379.0,onbuy.com,£32.78 £655.60/L,https://www.idealo.co.uk/relocator/relocate?categoryId=3972&offerKey=64a2ce06f2f2a1df804c7c22cc12a44b&offerListId=595379-E910C25615CFBD7139CCC097F35E55DD&pos=18&price=32.78&productid=595379&sid=316895&type=offer
01-HB-DR-PS50,HUGO BOSS HUGO DEEP RED EDP-S 50ML,737052683522.0,360,54.0,12.99,,,0.0,595379.0,Fragrancedirect.co.uk,£32.95 £659.00/L,https://www.idealo.co.uk/relocator/relocate?categoryId=3972&offerKey=4e3257815de60f076a371551d31fed9c&offerListId=595379-E910C25615CFBD7139CCC097F35E55DD&pos=19&price=32.95&productid=595379&sid=21971&type=offer
01-HB-DR-PS50,HUGO BOSS HUGO DEEP RED EDP-S 50ML,737052683522.0,360,54.0,12.99,,,0.0,595379.0,Expresschemist.co.uk,£35.00 £700.00/L,https://www.idealo.co.uk/relocator/relocate?categoryId=3972&offerKey=cdeed4784e6bf338a1999d58cb24d385&offerListId=595379-E910C25615CFBD7139CCC097F35E55DD&pos=20&price=35.00&productid=595379&sid=22167&type=offer
01-HB-DR-PS90,HUGO BOSS HUGO DEEP RED EDP-S 90ML,737052683553.0,233,70.0,17.95,,,0.0,595380.0,Scentsationalperfumes.com,£25.95 £288.33/L,https://www.idealo.co.uk/relocator/relocate?categoryId=3972&offerKey=11ed9f132fe9e8bcec588fcf2746d600&offerListId=595380-1E9A284F6CE303D8B121CE0DACDB99CA&pos=1&price=25.95&productid=595380&sid=282041&type=offer
01-HB-DR-PS90,HUGO BOSS HUGO DEEP RED EDP-S 90ML,737052683553.0,233,70.0,17.95,,,0.0,595380.0,cosmetify.com,£27.25 £302.78/L,https://www.idealo.co.uk/relocator/relocate?categoryId=3972&offerKey=a6c26d22c4e240804d4eb8bf8ac038dd&offerListId=595380-1E9A284F6CE303D8B121CE0DACDB99CA&pos=2&price=27.25&productid=595380&sid=329503&type=offer
01-HB-DR-PS90,HUGO BOSS HUGO DEEP RED EDP-S 90ML,737052683553.0,233,70.0,17.95,,,0.0,595380.0,secretsales.com (UK),£27.38 £304.22/L,https://www.idealo.co.uk/relocator/relocate?categoryId=3972&offerKey=100ccc09edb71ff321400081bdf75afe&offerListId=595380-1E9A284F6CE303D8B121CE0DACDB99CA&pos=3&price=27.38&productid=595380&sid=324015&type=offer
01-HB-DR-PS90,HUGO BOSS HUGO DEEP RED EDP-S 90ML,737052683553.0,233,70.0,17.95,,,0.0,595380.0,onbuy.com,£27.50 £305.56/L,https://www.idealo.co.uk/relocator/relocate?categoryId=3972&offerKey=3ab3fc6e71a574d3ad2e64278e04ad4c&offerListId=595380-1E9A284F6CE303D8B121CE0DACDB99CA&pos=4&price=27.50&productid=595380&sid=316895&type=offer
01-HB-DR-PS90,HUGO BOSS HUGO DEEP RED EDP-S 90ML,737052683553.0,233,70.0,17.95,,,0.0,595380.0,ebay.co.uk,£28.95 £321.67/L,https://www.idealo.co.uk/relocator/relocate?categoryId=3972&offerKey=95ef20a855068c017b29189faf345d54&offerListId=595380-1E9A284F6CE303D8B121CE0DACDB99CA&pos=5&price=28.95&productid=595380&sid=22818&type=offer
01-HB-DR-PS90,HUGO BOSS HUGO DEEP RED EDP-S 90ML,737052683553.0,233,70.0,17.95,,,0.0,595380.0,groupon.co.uk,£28.99 £322.11/L,https://www.idealo.co.uk/relocator/relocate?categoryId=3972&offerKey=2c13f0d9be7960086f554238a0b1e8b2&offerListId=595380-1E9A284F6CE303D8B121CE0DACDB99CA&pos=6&price=28.99&productid=595380&sid=313205&type=offer
01-HB-DR-PS90,HUGO BOSS HUGO DEEP RED EDP-S 90ML,737052683553.0,233,70.0,17.95,,,0.0,595380.0,Perfumeclick.co.uk,£29.25 £325.00/L,https://www.idealo.co.uk/relocator/relocate?categoryId=3972&offerKey=ca9d59184019e53bf2d969a249dcb182&offerListId=595380-1E9A284F6CE303D8B121CE0DACDB99CA&pos=7&price=29.25&productid=595380&sid=69736&type=offer
01-HB-DR-PS90,HUGO BOSS HUGO DEEP RED EDP-S 90ML,737052683553.0,233,70.0,17.95,,,0.0,595380.0,onbuy.com,£29.49 £327.67/L,https://www.idealo.co.uk/relocator/relocate?categoryId=3972&offerKey=9974d7d6ffd667ae908f8ad6ca51cec1&offerListId=595380-1E9A284F6CE303D8B121CE0DACDB99CA&pos=8&price=29.49&productid=595380&sid=316895&type=offer
01-HB-DR-PS90,HUGO BOSS HUGO DEEP RED EDP-S 90ML,737052683553.0,233,70.0,17.95,,,0.0,595380.0,notino.co.uk,£29.90 £332.22/L,https://www.idealo.co.uk/relocator/relocate?categoryId=3972&offerKey=c1d17e223cc2d7ed41f1efe7dc525aec&offerListId=595380-1E9A284F6CE303D8B121CE0DACDB99CA&pos=9&price=29.90&productid=595380&sid=307734&type=offer
01-HB-DR-PS90,HUGO BOSS HUGO DEEP RED EDP-S 90ML,737052683553.0,233,70.0,17.95,,,0.0,595380.0,perfumeprice.co.uk,£29.95 £332.78/L,https://www.idealo.co.uk/relocator/relocate?categoryId=3972&offerKey=10f3231b315494567df0ab4ccc9aebb0&offerListId=595380-1E9A284F6CE303D8B121CE0DACDB99CA&pos=10&price=29.95&productid=595380&sid=321700&type=offer
01-HB-DR-PS90,HUGO BOSS HUGO DEEP RED EDP-S 90ML,737052683553.0,233,70.0,17.95,,,0.0,595380.0,Clearchemist.co.uk,£29.95 £332.78/L,https://www.idealo.co.uk/relocator/relocate?categoryId=3972&offerKey=ae91dc30cb74da8652e7bca7254b752f&offerListId=595380-1E9A284F6CE303D8B121CE0DACDB99CA&pos=11&price=29.95&productid=595380&sid=289670&type=offer
01-HB-DR-PS90,HUGO BOSS HUGO DEEP RED EDP-S 90ML,737052683553.0,233,70.0,17.95,,,0.0,595380.0,bodycareonline.co.uk,£29.99 £333.22/L,https://www.idealo.co.uk/relocator/relocate?categoryId=3972&offerKey=ba4a66838fe0d873a47d8c204921aa92&offerListId=595380-1E9A284F6CE303D8B121CE0DACDB99CA&pos=12&price=29.99&productid=595380&sid=332851&type=offer
01-HB-DR-PS90,HUGO BOSS HUGO DEEP RED EDP-S 90ML,737052683553.0,233,70.0,17.95,,,0.0,595380.0,argos.co.uk,£30.00 £333.33/L,https://www.idealo.co.uk/relocator/relocate?categoryId=3972&offerKey=21d06fbb7ee2bda4d7c3de4b6f397d1f&offerListId=595380-1E9A284F6CE303D8B121CE0DACDB99CA&pos=13&price=30.00&productid=595380&sid=320560&type=offer
01-HB-DR-PS90,HUGO BOSS HUGO DEEP RED EDP-S 90ML,737052683553.0,233,70.0,17.95,,,0.0,595380.0,Therange.co.uk,£30.60 £340.00/L,https://www.idealo.co.uk/relocator/relocate?categoryId=3972&offerKey=2ecc32eeac6b4c253abeb714cb580fe3&offerListId=595380-1E9A284F6CE303D8B121CE0DACDB99CA&pos=14&price=30.60&productid=595380&sid=288194&type=offer
01-HB-DR-PS90,HUGO BOSS HUGO DEEP RED EDP-S 90ML,737052683553.0,233,70.0,17.95,,,0.0,595380.0,perfumedirect.com,£30.99 £344.33/L,https://www.idealo.co.uk/relocator/relocate?categoryId=3972&offerKey=6d3f028f0900bb065c947d461b78a17f&offerListId=595380-1E9A284F6CE303D8B121CE0DACDB99CA&pos=15&price=30.99&productid=595380&sid=318630&type=offer
01-HB-DR-PS90,HUGO BOSS HUGO DEEP RED EDP-S 90ML,737052683553.0,233,70.0,17.95,,,0.0,595380.0,debenhams.com,£33.00 £366.67/L,https://www.idealo.co.uk/relocator/relocate?categoryId=3972&offerKey=62f0eb2b272e73ccd6223a580726ecff&offerListId=595380-1E9A284F6CE303D8B121CE0DACDB99CA&pos=16&price=33.00&productid=595380&sid=324109&type=offer
01-HB-DR-PS90,HUGO BOSS HUGO DEEP RED EDP-S 90ML,737052683553.0,233,70.0,17.95,,,0.0,595380.0,unineed.com,£33.29 £369.89/L,https://www.idealo.co.uk/relocator/relocate?categoryId=3972&offerKey=a9ad5d128b9a00123171c29a3321226f&offerListId=595380-1E9A284F6CE303D8B121CE0DACDB99CA&pos=17&price=33.29&productid=595380&sid=314440&type=offer
01-HB-DR-PS90,HUGO BOSS HUGO DEEP RED EDP-S 90ML,737052683553.0,233,70.0,17.95,,,0.0,595380.0,Directcosmetics.com(UK),£33.99 £377.67/L,https://www.idealo.co.uk/relocator/relocate?categoryId=3972&offerKey=7d360e9701956d5035a610fd45def7aa&offerListId=595380-1E9A284F6CE303D8B121CE0DACDB99CA&pos=18&price=33.99&productid=595380&sid=24317&type=offer
01-HB-DR-PS90,HUGO BOSS HUGO DEEP RED EDP-S 90ML,737052683553.0,233,70.0,17.95,,,0.0,595380.0,allbeauty.com(UK),£34.95 £388.33/L,https://www.idealo.co.uk/relocator/relocate?categoryId=3972&offerKey=58c28d7e6a4e3856f88799871a897d92&offerListId=595380-1E9A284F6CE303D8B121CE0DACDB99CA&pos=19&price=34.95&productid=595380&sid=28942&type=offer
01-HB-DR-PS90,HUGO BOSS HUGO DEEP RED EDP-S 90ML,737052683553.0,233,70.0,17.95,,,0.0,595380.0,flannels.com,£35.00 £388.89/L,https://www.idealo.co.uk/relocator/relocate?categoryId=3972&offerKey=3a72a381e7a743da9ab85bdfb7630bd1&offerListId=595380-1E9A284F6CE303D8B121CE0DACDB99CA&pos=20&price=35.00&productid=595380&sid=329528&type=offer
01-HB-DR-PS90,HUGO BOSS HUGO DEEP RED EDP-S 90ML,737052683553.0,233,70.0,17.95,,,0.0,595380.0,Scentsationalperfumes.com,£25.95 £288.33/L,https://www.idealo.co.uk/relocator/relocate?categoryId=3972&offerKey=11ed9f132fe9e8bcec588fcf2746d600&offerListId=595380-1E9A284F6CE303D8B121CE0DACDB99CA&pos=1&price=25.95&productid=595380&sid=282041&type=offer
01-HB-DR-PS90,HUGO BOSS HUGO DEEP RED EDP-S 90ML,737052683553.0,233,70.0,17.95,,,0.0,595380.0,cosmetify.com,£27.25 £302.78/L,https://www.idealo.co.uk/relocator/relocate?categoryId=3972&offerKey=a6c26d22c4e240804d4eb8bf8ac038dd&offerListId=595380-1E9A284F6CE303D8B121CE0DACDB99CA&pos=2&price=27.25&productid=595380&sid=329503&type=offer
01-HB-DR-PS90,HUGO BOSS HUGO DEEP RED EDP-S 90ML,737052683553.0,233,70.0,17.95,,,0.0,595380.0,secretsales.com (UK),£27.38 £304.22/L,https://www.idealo.co.uk/relocator/relocate?categoryId=3972&offerKey=100ccc09edb71ff321400081bdf75afe&offerListId=595380-1E9A284F6CE303D8B121CE0DACDB99CA&pos=3&price=27.38&productid=595380&sid=324015&type=offer
01-HB-DR-PS90,HUGO BOSS HUGO DEEP RED EDP-S 90ML,737052683553.0,233,70.0,17.95,,,0.0,595380.0,onbuy.com,£27.50 £305.56/L,https://www.idealo.co.uk/relocator/relocate?categoryId=3972&offerKey=3ab3fc6e71a574d3ad2e64278e04ad4c&offerListId=595380-1E9A284F6CE303D8B121CE0DACDB99CA&pos=4&price=27.50&productid=595380&sid=316895&type=offer
01-HB-DR-PS90,HUGO BOSS HUGO DEEP RED EDP-S 90ML,737052683553.0,233,70.0,17.95,,,0.0,595380.0,ebay.co.uk,£28.95 £321.67/L,https://www.idealo.co.uk/relocator/relocate?categoryId=3972&offerKey=95ef20a855068c017b29189faf345d54&offerListId=595380-1E9A284F6CE303D8B121CE0DACDB99CA&pos=5&price=28.95&productid=595380&sid=22818&type=offer
01-HB-DR-PS90,HUGO BOSS HUGO DEEP RED EDP-S 90ML,737052683553.0,233,70.0,17.95,,,0.0,595380.0,groupon.co.uk,£28.99 £322.11/L,https://www.idealo.co.uk/relocator/relocate?categoryId=3972&offerKey=2c13f0d9be7960086f554238a0b1e8b2&offerListId=595380-1E9A284F6CE303D8B121CE0DACDB99CA&pos=6&price=28.99&productid=595380&sid=313205&type=offer
01-HB-DR-PS90,HUGO BOSS HUGO DEEP RED EDP-S 90ML,737052683553.0,233,70.0,17.95,,,0.0,595380.0,Perfumeclick.co.uk,£29.25 £325.00/L,https://www.idealo.co.uk/relocator/relocate?categoryId=3972&offerKey=ca9d59184019e53bf2d969a249dcb182&offerListId=595380-1E9A284F6CE303D8B121CE0DACDB99CA&pos=7&price=29.25&productid=595380&sid=69736&type=offer
01-HB-DR-PS90,HUGO BOSS HUGO DEEP RED EDP-S 90ML,737052683553.0,233,70.0,17.95,,,0.0,595380.0,onbuy.com,£29.49 £327.67/L,https://www.idealo.co.uk/relocator/relocate?categoryId=3972&offerKey=9974d7d6ffd667ae908f8ad6ca51cec1&offerListId=595380-1E9A284F6CE303D8B121CE0DACDB99CA&pos=8&price=29.49&productid=595380&sid=316895&type=offer
01-HB-DR-PS90,HUGO BOSS HUGO DEEP RED EDP-S 90ML,737052683553.0,233,70.0,17.95,,,0.0,595380.0,notino.co.uk,£29.90 £332.22/L,https://www.idealo.co.uk/relocator/relocate?categoryId=3972&offerKey=c1d17e223cc2d7ed41f1efe7dc525aec&offerListId=595380-1E9A284F6CE303D8B121CE0DACDB99CA&pos=9&price=29.90&productid=595380&sid=307734&type=offer
01-HB-DR-PS90,HUGO BOSS HUGO DEEP RED EDP-S 90ML,737052683553.0,233,70.0,17.95,,,0.0,595380.0,perfumeprice.co.uk,£29.95 £332.78/L,https://www.idealo.co.uk/relocator/relocate?categoryId=3972&offerKey=10f3231b315494567df0ab4ccc9aebb0&offerListId=595380-1E9A284F6CE303D8B121CE0DACDB99CA&pos=10&price=29.95&productid=595380&sid=321700&type=offer
01-HB-DR-PS90,HUGO BOSS HUGO DEEP RED EDP-S 90ML,737052683553.0,233,70.0,17.95,,,0.0,595380.0,Clearchemist.co.uk,£29.95 £332.78/L,https://www.idealo.co.uk/relocator/relocate?categoryId=3972&offerKey=ae91dc30cb74da8652e7bca7254b752f&offerListId=595380-1E9A284F6CE303D8B121CE0DACDB99CA&pos=11&price=29.95&productid=595380&sid=289670&type=offer
01-HB-DR-PS90,HUGO BOSS HUGO DEEP RED EDP-S 90ML,737052683553.0,233,70.0,17.95,,,0.0,595380.0,bodycareonline.co.uk,£29.99 £333.22/L,https://www.idealo.co.uk/relocator/relocate?categoryId=3972&offerKey=ba4a66838fe0d873a47d8c204921aa92&offerListId=595380-1E9A284F6CE303D8B121CE0DACDB99CA&pos=12&price=29.99&productid=595380&sid=332851&type=offer
01-HB-DR-PS90,HUGO BOSS HUGO DEEP RED EDP-S 90ML,737052683553.0,233,70.0,17.95,,,0.0,595380.0,argos.co.uk,£30.00 £333.33/L,https://www.idealo.co.uk/relocator/relocate?categoryId=3972&offerKey=21d06fbb7ee2bda4d7c3de4b6f397d1f&offerListId=595380-1E9A284F6CE303D8B121CE0DACDB99CA&pos=13&price=30.00&productid=595380&sid=320560&type=offer
01-HB-DR-PS90,HUGO BOSS HUGO DEEP RED EDP-S 90ML,737052683553.0,233,70.0,17.95,,,0.0,595380.0,Therange.co.uk,£30.60 £340.00/L,https://www.idealo.co.uk/relocator/relocate?categoryId=3972&offerKey=2ecc32eeac6b4c253abeb714cb580fe3&offerListId=595380-1E9A284F6CE303D8B121CE0DACDB99CA&pos=14&price=30.60&productid=595380&sid=288194&type=offer
01-HB-DR-PS90,HUGO BOSS HUGO DEEP RED EDP-S 90ML,737052683553.0,233,70.0,17.95,,,0.0,595380.0,perfumedirect.com,£30.99 £344.33/L,https://www.idealo.co.uk/relocator/relocate?categoryId=3972&offerKey=6d3f028f0900bb065c947d461b78a17f&offerListId=595380-1E9A284F6CE303D8B121CE0DACDB99CA&pos=15&price=30.99&productid=595380&sid=318630&type=offer
01-HB-DR-PS90,HUGO BOSS HUGO DEEP RED EDP-S 90ML,737052683553.0,233,70.0,17.95,,,0.0,595380.0,debenhams.com,£33.00 £366.67/L,https://www.idealo.co.uk/relocator/relocate?categoryId=3972&offerKey=62f0eb2b272e73ccd6223a580726ecff&offerListId=595380-1E9A284F6CE303D8B121CE0DACDB99CA&pos=16&price=33.00&productid=595380&sid=324109&type=offer
01-HB-DR-PS90,HUGO BOSS HUGO DEEP RED EDP-S 90ML,737052683553.0,233,70.0,17.95,,,0.0,595380.0,unineed.com,£33.29 £369.89/L,https://www.idealo.co.uk/relocator/relocate?categoryId=3972&offerKey=a9ad5d128b9a00123171c29a3321226f&offerListId=595380-1E9A284F6CE303D8B121CE0DACDB99CA&pos=17&price=33.29&productid=595380&sid=314440&type=offer
01-HB-DR-PS90,HUGO BOSS HUGO DEEP RED EDP-S 90ML,737052683553.0,233,70.0,17.95,,,0.0,595380.0,Directcosmetics.com(UK),£33.99 £377.67/L,https://www.idealo.co.uk/relocator/relocate?categoryId=3972&offerKey=7d360e9701956d5035a610fd45def7aa&offerListId=595380-1E9A284F6CE303D8B121CE0DACDB99CA&pos=18&price=33.99&productid=595380&sid=24317&type=offer
01-HB-DR-PS90,HUGO BOSS HUGO DEEP RED EDP-S 90ML,737052683553.0,233,70.0,17.95,,,0.0,595380.0,allbeauty.com(UK),£34.95 £388.33/L,https://www.idealo.co.uk/relocator/relocate?categoryId=3972&offerKey=58c28d7e6a4e3856f88799871a897d92&offerListId=595380-1E9A284F6CE303D8B121CE0DACDB99CA&pos=19&price=34.95&productid=595380&sid=28942&type=offer
01-HB-DR-PS90,HUGO BOSS HUGO DEEP RED EDP-S 90ML,737052683553.0,233,70.0,17.95,,,0.0,595380.0,flannels.com,£35.00 £388.89/L,https://www.idealo.co.uk/relocator/relocate?categoryId=3972&offerKey=3a72a381e7a743da9ab85bdfb7630bd1&offerListId=595380-1E9A284F6CE303D8B121CE0DACDB99CA&pos=20&price=35.00&productid=595380&sid=329528&type=offer
01-HB-DR-PS90-UK,HUGO BOSS HUGO DEEP RED EDP-S 90ML,737052683553.0,330,70.0,17.25,,,0.0,595380.0,Scentsationalperfumes.com,£25.95 £288.33/L,https://www.idealo.co.uk/relocator/relocate?categoryId=3972&offerKey=11ed9f132fe9e8bcec588fcf2746d600&offerListId=595380-1E9A284F6CE303D8B121CE0DACDB99CA&pos=1&price=25.95&productid=595380&sid=282041&type=offer
01-HB-DR-PS90-UK,HUGO BOSS HUGO DEEP RED EDP-S 90ML,737052683553.0,330,70.0,17.25,,,0.0,595380.0,cosmetify.com,£27.25 £302.78/L,https://www.idealo.co.uk/relocator/relocate?categoryId=3972&offerKey=a6c26d22c4e240804d4eb8bf8ac038dd&offerListId=595380-1E9A284F6CE303D8B121CE0DACDB99CA&pos=2&price=27.25&productid=595380&sid=329503&type=offer
01-HB-DR-PS90-UK,HUGO BOSS HUGO DEEP RED EDP-S 90ML,737052683553.0,330,70.0,17.25,,,0.0,595380.0,secretsales.com (UK),£27.38 £304.22/L,https://www.idealo.co.uk/relocator/relocate?categoryId=3972&offerKey=100ccc09edb71ff321400081bdf75afe&offerListId=595380-1E9A284F6CE303D8B121CE0DACDB99CA&pos=3&price=27.38&productid=595380&sid=324015&type=offer
01-HB-DR-PS90-UK,HUGO BOSS HUGO DEEP RED EDP-S 90ML,737052683553.0,330,70.0,17.25,,,0.0,595380.0,onbuy.com,£27.50 £305.56/L,https://www.idealo.co.uk/relocator/relocate?categoryId=3972&offerKey=3ab3fc6e71a574d3ad2e64278e04ad4c&offerListId=595380-1E9A284F6CE303D8B121CE0DACDB99CA&pos=4&price=27.50&productid=595380&sid=316895&type=offer
01-HB-DR-PS90-UK,HUGO BOSS HUGO DEEP RED EDP-S 90ML,737052683553.0,330,70.0,17.25,,,0.0,595380.0,ebay.co.uk,£28.95 £321.67/L,https://www.idealo.co.uk/relocator/relocate?categoryId=3972&offerKey=95ef20a855068c017b29189faf345d54&offerListId=595380-1E9A284F6CE303D8B121CE0DACDB99CA&pos=5&price=28.95&productid=595380&sid=22818&type=offer
01-HB-DR-PS90-UK,HUGO BOSS HUGO DEEP RED EDP-S 90ML,737052683553.0,330,70.0,17.25,,,0.0,595380.0,groupon.co.uk,£28.99 £322.11/L,https://www.idealo.co.uk/relocator/relocate?categoryId=3972&offerKey=2c13f0d9be7960086f554238a0b1e8b2&offerListId=595380-1E9A284F6CE303D8B121CE0DACDB99CA&pos=6&price=28.99&productid=595380&sid=313205&type=offer
01-HB-DR-PS90-UK,HUGO BOSS HUGO DEEP RED EDP-S 90ML,737052683553.0,330,70.0,17.25,,,0.0,595380.0,Perfumeclick.co.uk,£29.25 £325.00/L,https://www.idealo.co.uk/relocator/relocate?categoryId=3972&offerKey=ca9d59184019e53bf2d969a249dcb182&offerListId=595380-1E9A284F6CE303D8B121CE0DACDB99CA&pos=7&price=29.25&productid=595380&sid=69736&type=offer
01-HB-DR-PS90-UK,HUGO BOSS HUGO DEEP RED EDP-S 90ML,737052683553.0,330,70.0,17.25,,,0.0,595380.0,onbuy.com,£29.49 £327.67/L,https://www.idealo.co.uk/relocator/relocate?categoryId=3972&offerKey=9974d7d6ffd667ae908f8ad6ca51cec1&offerListId=595380-1E9A284F6CE303D8B121CE0DACDB99CA&pos=8&price=29.49&productid=595380&sid=316895&type=offer
01-HB-DR-PS90-UK,HUGO BOSS HUGO DEEP RED EDP-S 90ML,737052683553.0,330,70.0,17.25,,,0.0,595380.0,notino.co.uk,£29.90 £332.22/L,https://www.idealo.co.uk/relocator/relocate?categoryId=3972&offerKey=c1d17e223cc2d7ed41f1efe7dc525aec&offerListId=595380-1E9A284F6CE303D8B121CE0DACDB99CA&pos=9&price=29.90&productid=595380&sid=307734&type=offer
01-HB-DR-PS90-UK,HUGO BOSS HUGO DEEP RED EDP-S 90ML,737052683553.0,330,70.0,17.25,,,0.0,595380.0,perfumeprice.co.uk,£29.95 £332.78/L,https://www.idealo.co.uk/relocator/relocate?categoryId=3972&offerKey=10f3231b315494567df0ab4ccc9aebb0&offerListId=595380-1E9A284F6CE303D8B121CE0DACDB99CA&pos=10&price=29.95&productid=595380&sid=321700&type=offer
01-HB-DR-PS90-UK,HUGO BOSS HUGO DEEP RED EDP-S 90ML,737052683553.0,330,70.0,17.25,,,0.0,595380.0,Clearchemist.co.uk,£29.95 £332.78/L,https://www.idealo.co.uk/relocator/relocate?categoryId=3972&offerKey=ae91dc30cb74da8652e7bca7254b752f&offerListId=595380-1E9A284F6CE303D8B121CE0DACDB99CA&pos=11&price=29.95&productid=595380&sid=289670&type=offer
01-HB-DR-PS90-UK,HUGO BOSS HUGO DEEP RED EDP-S 90ML,737052683553.0,330,70.0,17.25,,,0.0,595380.0,bodycareonline.co.uk,£29.99 £333.22/L,https://www.idealo.co.uk/relocator/relocate?categoryId=3972&offerKey=ba4a66838fe0d873a47d8c204921aa92&offerListId=595380-1E9A284F6CE303D8B121CE0DACDB99CA&pos=12&price=29.99&productid=595380&sid=332851&type=offer
01-HB-DR-PS90-UK,HUGO BOSS HUGO DEEP RED EDP-S 90ML,737052683553.0,330,70.0,17.25,,,0.0,595380.0,argos.co.uk,£30.00 £333.33/L,https://www.idealo.co.uk/relocator/relocate?categoryId=3972&offerKey=21d06fbb7ee2bda4d7c3de4b6f397d1f&offerListId=595380-1E9A284F6CE303D8B121CE0DACDB99CA&pos=13&price=30.00&productid=595380&sid=320560&type=offer
01-HB-DR-PS90-UK,HUGO BOSS HUGO DEEP RED EDP-S 90ML,737052683553.0,330,70.0,17.25,,,0.0,595380.0,Therange.co.uk,£30.60 £340.00/L,https://www.idealo.co.uk/relocator/relocate?categoryId=3972&offerKey=2ecc32eeac6b4c253abeb714cb580fe3&offerListId=595380-1E9A284F6CE303D8B121CE0DACDB99CA&pos=14&price=30.60&productid=595380&sid=288194&type=offer
01-HB-DR-PS90-UK,HUGO BOSS HUGO DEEP RED EDP-S 90ML,737052683553.0,330,70.0,17.25,,,0.0,595380.0,perfumedirect.com,£30.99 £344.33/L,https://www.idealo.co.uk/relocator/relocate?categoryId=3972&offerKey=6d3f028f0900bb065c947d461b78a17f&offerListId=595380-1E9A284F6CE303D8B121CE0DACDB99CA&pos=15&price=30.99&productid=595380&sid=318630&type=offer
01-HB-DR-PS90-UK,HUGO BOSS HUGO DEEP RED EDP-S 90ML,737052683553.0,330,70.0,17.25,,,0.0,595380.0,debenhams.com,£33.00 £366.67/L,https://www.idealo.co.uk/relocator/relocate?categoryId=3972&offerKey=62f0eb2b272e73ccd6223a580726ecff&offerListId=595380-1E9A284F6CE303D8B121CE0DACDB99CA&pos=16&price=33.00&productid=595380&sid=324109&type=offer
01-HB-DR-PS90-UK,HUGO BOSS HUGO DEEP RED EDP-S 90ML,737052683553.0,330,70.0,17.25,,,0.0,595380.0,unineed.com,£33.29 £369.89/L,https://www.idealo.co.uk/relocator/relocate?categoryId=3972&offerKey=a9ad5d128b9a00123171c29a3321226f&offerListId=595380-1E9A284F6CE303D8B121CE0DACDB99CA&pos=17&price=33.29&productid=595380&sid=314440&type=offer
01-HB-DR-PS90-UK,HUGO BOSS HUGO DEEP RED EDP-S 90ML,737052683553.0,330,70.0,17.25,,,0.0,595380.0,Directcosmetics.com(UK),£33.99 £377.67/L,https://www.idealo.co.uk/relocator/relocate?categoryId=3972&offerKey=7d360e9701956d5035a610fd45def7aa&offerListId=595380-1E9A284F6CE303D8B121CE0DACDB99CA&pos=18&price=33.99&productid=595380&sid=24317&type=offer
01-HB-DR-PS90-UK,HUGO BOSS HUGO DEEP RED EDP-S 90ML,737052683553.0,330,70.0,17.25,,,0.0,595380.0,allbeauty.com(UK),£34.95 £388.33/L,https://www.idealo.co.uk/relocator/relocate?categoryId=3972&offerKey=58c28d7e6a4e3856f88799871a897d92&offerListId=595380-1E9A284F6CE303D8B121CE0DACDB99CA&pos=19&price=34.95&productid=595380&sid=28942&type=offer
01-HB-DR-PS90-UK,HUGO BOSS HUGO DEEP RED EDP-S 90ML,737052683553.0,330,70.0,17.25,,,0.0,595380.0,flannels.com,£35.00 £388.89/L,https://www.idealo.co.uk/relocator/relocate?categoryId=3972&offerKey=3a72a381e7a743da9ab85bdfb7630bd1&offerListId=595380-1E9A284F6CE303D8B121CE0DACDB99CA&pos=20&price=35.00&productid=595380&sid=329528&type=offer
01-HB-DR-PS90-UK,HUGO BOSS HUGO DEEP RED EDP-S 90ML,737052683553.0,330,70.0,17.25,,,0.0,595380.0,Scentsationalperfumes.com,£25.95 £288.33/L,https://www.idealo.co.uk/relocator/relocate?categoryId=3972&offerKey=11ed9f132fe9e8bcec588fcf2746d600&offerListId=595380-1E9A284F6CE303D8B121CE0DACDB99CA&pos=1&price=25.95&productid=595380&sid=282041&type=offer
01-HB-DR-PS90-UK,HUGO BOSS HUGO DEEP RED EDP-S 90ML,737052683553.0,330,70.0,17.25,,,0.0,595380.0,cosmetify.com,£27.25 £302.78/L,https://www.idealo.co.uk/relocator/relocate?categoryId=3972&offerKey=a6c26d22c4e240804d4eb8bf8ac038dd&offerListId=595380-1E9A284F6CE303D8B121CE0DACDB99CA&pos=2&price=27.25&productid=595380&sid=329503&type=offer
01-HB-DR-PS90-UK,HUGO BOSS HUGO DEEP RED EDP-S 90ML,737052683553.0,330,70.0,17.25,,,0.0,595380.0,secretsales.com (UK),£27.38 £304.22/L,https://www.idealo.co.uk/relocator/relocate?categoryId=3972&offerKey=100ccc09edb71ff321400081bdf75afe&offerListId=595380-1E9A284F6CE303D8B121CE0DACDB99CA&pos=3&price=27.38&productid=595380&sid=324015&type=offer
01-HB-DR-PS90-UK,HUGO BOSS HUGO DEEP RED EDP-S 90ML,737052683553.0,330,70.0,17.25,,,0.0,595380.0,onbuy.com,£27.50 £305.56/L,https://www.idealo.co.uk/relocator/relocate?categoryId=3972&offerKey=3ab3fc6e71a574d3ad2e64278e04ad4c&offerListId=595380-1E9A284F6CE303D8B121CE0DACDB99CA&pos=4&price=27.50&productid=595380&sid=316895&type=offer
01-HB-DR-PS90-UK,HUGO BOSS HUGO DEEP RED EDP-S 90ML,737052683553.0,330,70.0,17.25,,,0.0,595380.0,ebay.co.uk,£28.95 £321.67/L,https://www.idealo.co.uk/relocator/relocate?categoryId=3972&offerKey=95ef20a855068c017b29189faf345d54&offerListId=595380-1E9A284F6CE303D8B121CE0DACDB99CA&pos=5&price=28.95&productid=595380&sid=22818&type=offer
01-HB-DR-PS90-UK,HUGO BOSS HUGO DEEP RED EDP-S 90ML,737052683553.0,330,70.0,17.25,,,0.0,595380.0,groupon.co.uk,£28.99 £322.11/L,https://www.idealo.co.uk/relocator/relocate?categoryId=3972&offerKey=2c13f0d9be7960086f554238a0b1e8b2&offerListId=595380-1E9A284F6CE303D8B121CE0DACDB99CA&pos=6&price=28.99&productid=595380&sid=313205&type=offer
01-HB-DR-PS90-UK,HUGO BOSS HUGO DEEP RED EDP-S 90ML,737052683553.0,330,70.0,17.25,,,0.0,595380.0,Perfumeclick.co.uk,£29.25 £325.00/L,https://www.idealo.co.uk/relocator/relocate?categoryId=3972&offerKey=ca9d59184019e53bf2d969a249dcb182&offerListId=595380-1E9A284F6CE303D8B121CE0DACDB99CA&pos=7&price=29.25&productid=595380&sid=69736&type=offer
01-HB-DR-PS90-UK,HUGO BOSS HUGO DEEP RED EDP-S 90ML,737052683553.0,330,70.0,17.25,,,0.0,595380.0,onbuy.com,£29.49 £327.67/L,https://www.idealo.co.uk/relocator/relocate?categoryId=3972&offerKey=9974d7d6ffd667ae908f8ad6ca51cec1&offerListId=595380-1E9A284F6CE303D8B121CE0DACDB99CA&pos=8&price=29.49&productid=595380&sid=316895&type=offer
01-HB-DR-PS90-UK,HUGO BOSS HUGO DEEP RED EDP-S 90ML,737052683553.0,330,70.0,17.25,,,0.0,595380.0,notino.co.uk,£29.90 £332.22/L,https://www.idealo.co.uk/relocator/relocate?categoryId=3972&offerKey=c1d17e223cc2d7ed41f1efe7dc525aec&offerListId=595380-1E9A284F6CE303D8B121CE0DACDB99CA&pos=9&price=29.90&productid=595380&sid=307734&type=offer
01-HB-DR-PS90-UK,HUGO BOSS HUGO DEEP RED EDP-S 90ML,737052683553.0,330,70.0,17.25,,,0.0,595380.0,perfumeprice.co.uk,£29.95 £332.78/L,https://www.idealo.co.uk/relocator/relocate?categoryId=3972&offerKey=10f3231b315494567df0ab4ccc9aebb0&offerListId=595380-1E9A284F6CE303D8B121CE0DACDB99CA&pos=10&price=29.95&productid=595380&sid=321700&type=offer
01-HB-DR-PS90-UK,HUGO BOSS HUGO DEEP RED EDP-S 90ML,737052683553.0,330,70.0,17.25,,,0.0,595380.0,Clearchemist.co.uk,£29.95 £332.78/L,https://www.idealo.co.uk/relocator/relocate?categoryId=3972&offerKey=ae91dc30cb74da8652e7bca7254b752f&offerListId=595380-1E9A284F6CE303D8B121CE0DACDB99CA&pos=11&price=29.95&productid=595380&sid=289670&type=offer
01-HB-DR-PS90-UK,HUGO BOSS HUGO DEEP RED EDP-S 90ML,737052683553.0,330,70.0,17.25,,,0.0,595380.0,bodycareonline.co.uk,£29.99 £333.22/L,https://www.idealo.co.uk/relocator/relocate?categoryId=3972&offerKey=ba4a66838fe0d873a47d8c204921aa92&offerListId=595380-1E9A284F6CE303D8B121CE0DACDB99CA&pos=12&price=29.99&productid=595380&sid=332851&type=offer
01-HB-DR-PS90-UK,HUGO BOSS HUGO DEEP RED EDP-S 90ML,737052683553.0,330,70.0,17.25,,,0.0,595380.0,argos.co.uk,£30.00 £333.33/L,https://www.idealo.co.uk/relocator/relocate?categoryId=3972&offerKey=21d06fbb7ee2bda4d7c3de4b6f397d1f&offerListId=595380-1E9A284F6CE303D8B121CE0DACDB99CA&pos=13&price=30.00&productid=595380&sid=320560&type=offer
01-HB-DR-PS90-UK,HUGO BOSS HUGO DEEP RED EDP-S 90ML,737052683553.0,330,70.0,17.25,,,0.0,595380.0,Therange.co.uk,£30.60 £340.00/L,https://www.idealo.co.uk/relocator/relocate?categoryId=3972&offerKey=2ecc32eeac6b4c253abeb714cb580fe3&offerListId=595380-1E9A284F6CE303D8B121CE0DACDB99CA&pos=14&price=30.60&productid=595380&sid=288194&type=offer
01-HB-DR-PS90-UK,HUGO BOSS HUGO DEEP RED EDP-S 90ML,737052683553.0,330,70.0,17.25,,,0.0,595380.0,perfumedirect.com,£30.99 £344.33/L,https://www.idealo.co.uk/relocator/relocate?categoryId=3972&offerKey=6d3f028f0900bb065c947d461b78a17f&offerListId=595380-1E9A284F6CE303D8B121CE0DACDB99CA&pos=15&price=30.99&productid=595380&sid=318630&type=offer
01-HB-DR-PS90-UK,HUGO BOSS HUGO DEEP RED EDP-S 90ML,737052683553.0,330,70.0,17.25,,,0.0,595380.0,debenhams.com,£33.00 £366.67/L,https://www.idealo.co.uk/relocator/relocate?categoryId=3972&offerKey=62f0eb2b272e73ccd6223a580726ecff&offerListId=595380-1E9A284F6CE303D8B121CE0DACDB99CA&pos=16&price=33.00&productid=595380&sid=324109&type=offer
01-HB-DR-PS90-UK,HUGO BOSS HUGO DEEP RED EDP-S 90ML,737052683553.0,330,70.0,17.25,,,0.0,595380.0,unineed.com,£33.29 £369.89/L,https://www.idealo.co.uk/relocator/relocate?categoryId=3972&offerKey=a9ad5d128b9a00123171c29a3321226f&offerListId=595380-1E9A284F6CE303D8B121CE0DACDB99CA&pos=17&price=33.29&productid=595380&sid=314440&type=offer
01-HB-DR-PS90-UK,HUGO BOSS HUGO DEEP RED EDP-S 90ML,737052683553.0,330,70.0,17.25,,,0.0,595380.0,Directcosmetics.com(UK),£33.99 £377.67/L,https://www.idealo.co.uk/relocator/relocate?categoryId=3972&offerKey=7d360e9701956d5035a610fd45def7aa&offerListId=595380-1E9A284F6CE303D8B121CE0DACDB99CA&pos=18&price=33.99&productid=595380&sid=24317&type=offer
01-HB-DR-PS90-UK,HUGO BOSS HUGO DEEP RED EDP-S 90ML,737052683553.0,330,70.0,17.25,,,0.0,595380.0,allbeauty.com(UK),£34.95 £388.33/L,https://www.idealo.co.uk/relocator/relocate?categoryId=3972&offerKey=58c28d7e6a4e3856f88799871a897d92&offerListId=595380-1E9A284F6CE303D8B121CE0DACDB99CA&pos=19&price=34.95&productid=595380&sid=28942&type=offer
01-HB-DR-PS90-UK,HUGO BOSS HUGO DEEP RED EDP-S 90ML,737052683553.0,330,70.0,17.25,,,0.0,595380.0,flannels.com,£35.00 £388.89/L,https://www.idealo.co.uk/relocator/relocate?categoryId=3972&offerKey=3a72a381e7a743da9ab85bdfb7630bd1&offerListId=595380-1E9A284F6CE303D8B121CE0DACDB99CA&pos=20&price=35.00&productid=595380&sid=329528&type=offer
01-HB-FEMME-PS75-UK,HUGO BOSS FEMME EDP-S 75ML,737052041353.0,185,79.0,21.95,,,0.0,626954.0,Clearchemist.co.uk,£31.93 £425.73/L,https://www.idealo.co.uk/relocator/relocate?categoryId=3972&offerKey=9106717ae8709a22ff0df6e3f68818ca&offerListId=626954-5281DC7974B3A8DD6129BCF60DBE871E&pos=1&price=31.93&productid=626954&sid=289670&type=offer
01-HB-FEMME-PS75-UK,HUGO BOSS FEMME EDP-S 75ML,737052041353.0,185,79.0,21.95,,,0.0,626954.0,cosmetify.com,£33.18 £442.40/L,https://www.idealo.co.uk/relocator/relocate?categoryId=3972&offerKey=1b8856a2e7836d4a7f51676688254dc0&offerListId=626954-5281DC7974B3A8DD6129BCF60DBE871E&pos=2&price=33.18&productid=626954&sid=329503&type=offer
01-HB-FEMME-PS75-UK,HUGO BOSS FEMME EDP-S 75ML,737052041353.0,185,79.0,21.95,,,0.0,626954.0,ebay.co.uk,£33.55 £447.33/L,https://www.idealo.co.uk/relocator/relocate?categoryId=3972&offerKey=d5c3e68e72100b31b97762e1991aad8f&offerListId=626954-5281DC7974B3A8DD6129BCF60DBE871E&pos=3&price=33.55&productid=626954&sid=22818&type=offer
01-HB-FEMME-PS75-UK,HUGO BOSS FEMME EDP-S 75ML,737052041353.0,185,79.0,21.95,,,0.0,626954.0,onbuy.com,£33.90 £452.00/L,https://www.idealo.co.uk/relocator/relocate?categoryId=3972&offerKey=1165852553e750fa6516be70b365d625&offerListId=626954-5281DC7974B3A8DD6129BCF60DBE871E&pos=4&price=33.90&productid=626954&sid=316895&type=offer
01-HB-FEMME-PS75-UK,HUGO BOSS FEMME EDP-S 75ML,737052041353.0,185,79.0,21.95,,,0.0,626954.0,perfumeprice.co.uk,£34.95 £466.00/L,https://www.idealo.co.uk/relocator/relocate?categoryId=3972&offerKey=a93106ebecb885b520bd40dbc91e0472&offerListId=626954-5281DC7974B3A8DD6129BCF60DBE871E&pos=5&price=34.95&productid=626954&sid=321700&type=offer
01-HB-FEMME-PS75-UK,HUGO BOSS FEMME EDP-S 75ML,737052041353.0,185,79.0,21.95,,,0.0,626954.0,perfumedirect.com,£34.99 £466.53/L,https://www.idealo.co.uk/relocator/relocate?categoryId=3972&offerKey=2d538cbdd2263283f347f12a4ca395ae&offerListId=626954-5281DC7974B3A8DD6129BCF60DBE871E&pos=6&price=34.99&productid=626954&sid=318630&type=offer
01-HB-FEMME-PS75-UK,HUGO BOSS FEMME EDP-S 75ML,737052041353.0,185,79.0,21.95,,,0.0,626954.0,amazon.co.uk,£37.00 £493.33/L,https://www.idealo.co.uk/relocator/relocate?categoryId=3972&offerKey=233879c7d4217a99cc57a7bf5d1f6d44&offerListId=626954-5281DC7974B3A8DD6129BCF60DBE871E&pos=7&price=37.00&productid=626954&sid=12004&type=offer
01-HB-FEMME-PS75-UK,HUGO BOSS FEMME EDP-S 75ML,737052041353.0,185,79.0,21.95,,,0.0,626954.0,groupon.co.uk,£37.99 £506.53/L,https://www.idealo.co.uk/relocator/relocate?categoryId=3972&offerKey=dd13505d76839736a2ce9d11fe7be4df&offerListId=626954-5281DC7974B3A8DD6129BCF60DBE871E&pos=8&price=37.99&productid=626954&sid=313205&type=offer
01-HB-FEMME-PS75-UK,HUGO BOSS FEMME EDP-S 75ML,737052041353.0,185,79.0,21.95,,,0.0,626954.0,my-origines.com(UK),£38.08 £507.73/L,https://www.idealo.co.uk/relocator/relocate?categoryId=3972&offerKey=7b5216d9fa1d3c6964741aa56f4f6c36&offerListId=626954-5281DC7974B3A8DD6129BCF60DBE871E&pos=9&price=38.08&productid=626954&sid=328503&type=offer
01-HB-FEMME-PS75-UK,HUGO BOSS FEMME EDP-S 75ML,737052041353.0,185,79.0,21.95,,,0.0,626954.0,,£38.84 £517.87/L,https://www.idealo.co.uk/relocator/relocate?categoryId=3972&offerKey=3fa3af4b2e67e4058e427d549716c72c&offerListId=626954-5281DC7974B3A8DD6129BCF60DBE871E&pos=10&price=38.84&productid=626954&sid=307734&type=offer
01-HB-FEMME-PS75-UK,HUGO BOSS FEMME EDP-S 75ML,737052041353.0,185,79.0,21.95,,,0.0,626954.0,groupon.co.uk,£38.95 £519.33/L,https://www.idealo.co.uk/relocator/relocate?categoryId=3972&offerKey=841398b7cd95ffa3622c498784834c47&offerListId=626954-5281DC7974B3A8DD6129BCF60DBE871E&pos=11&price=38.95&productid=626954&sid=313205&type=offer
01-HB-FEMME-PS75-UK,HUGO BOSS FEMME EDP-S 75ML,737052041353.0,185,79.0,21.95,,,0.0,626954.0,Lookfantastic.com (UK),£39.50 £526.67/L,https://www.idealo.co.uk/relocator/relocate?categoryId=3972&offerKey=8127e3c30c9735eae3f3dcd6933e32a5&offerListId=626954-5281DC7974B3A8DD6129BCF60DBE871E&pos=12&price=39.50&productid=626954&sid=24416&type=offer
01-HB-FEMME-PS75-UK,HUGO BOSS FEMME EDP-S 75ML,737052041353.0,185,79.0,21.95,,,0.0,626954.0,allbeauty.com(UK),£39.95 £532.67/L,https://www.idealo.co.uk/relocator/relocate?categoryId=3972&offerKey=1a745c3c315ac2066a37b4a623d56248&offerListId=626954-5281DC7974B3A8DD6129BCF60DBE871E&pos=13&price=39.95&productid=626954&sid=28942&type=offer
01-HB-FEMME-PS75-UK,HUGO BOSS FEMME EDP-S 75ML,737052041353.0,185,79.0,21.95,,,0.0,626954.0,debenhams.com,£42.00 £560.00/L,https://www.idealo.co.uk/relocator/relocate?categoryId=3972&offerKey=99fc1a51c540beea71da16c7568d687f&offerListId=626954-5281DC7974B3A8DD6129BCF60DBE871E&pos=14&price=42.00&productid=626954&sid=324109&type=offer
01-HB-FEMME-PS75-UK,HUGO BOSS FEMME EDP-S 75ML,737052041353.0,185,79.0,21.95,,,0.0,626954.0,Tjhughes.co.uk,£44.00 £586.67/L,https://www.idealo.co.uk/relocator/relocate?categoryId=3972&offerKey=7e10ea4d4ec93a83f90d579883689084&offerListId=626954-5281DC7974B3A8DD6129BCF60DBE871E&pos=15&price=44.00&productid=626954&sid=28759&type=offer
01-HB-FEMME-PS75-UK,HUGO BOSS FEMME EDP-S 75ML,737052041353.0,185,79.0,21.95,,,0.0,626954.0,parfumdreams.co.uk,£44.74 £596.53/L,https://www.idealo.co.uk/relocator/relocate?categoryId=3972&offerKey=a61e34f053db3fa27e5df2ba9b1dca62&offerListId=626954-5281DC7974B3A8DD6129BCF60DBE871E&pos=16&price=44.74&productid=626954&sid=316458&type=offer
01-HB-FEMME-PS75-UK,HUGO BOSS FEMME EDP-S 75ML,737052041353.0,185,79.0,21.95,,,0.0,626954.0,perfumeuk.co.uk,£45.00 £600.00/L,https://www.idealo.co.uk/relocator/relocate?categoryId=3972&offerKey=eefbbf409bd24e76f592067ba126a038&offerListId=626954-5281DC7974B3A8DD6129BCF60DBE871E&pos=17&price=45.00&productid=626954&sid=323991&type=offer
01-HB-FEMME-PS75-UK,HUGO BOSS FEMME EDP-S 75ML,737052041353.0,185,79.0,21.95,,,0.0,626954.0,salontotal.co.uk,£45.30 £604.00/L,https://www.idealo.co.uk/relocator/relocate?categoryId=3972&offerKey=8de777e2124e7d73bbcedd2ca45b40f7&offerListId=626954-5281DC7974B3A8DD6129BCF60DBE871E&pos=18&price=45.30&productid=626954&sid=324505&type=offer
01-HB-FEMME-PS75-UK,HUGO BOSS FEMME EDP-S 75ML,737052041353.0,185,79.0,21.95,,,0.0,626954.0,beautybase.com(UK),£49.00 £653.33/L,https://www.idealo.co.uk/relocator/relocate?categoryId=3972&offerKey=d5ab48c27db2189a589e990a495cec52&offerListId=626954-5281DC7974B3A8DD6129BCF60DBE871E&pos=19&price=49.00&productid=626954&sid=299115&type=offer
01-HB-FEMME-PS75-UK,HUGO BOSS FEMME EDP-S 75ML,737052041353.0,185,79.0,21.95,,,0.0,626954.0,Expresschemist.co.uk,£51.95 £692.67/L,https://www.idealo.co.uk/relocator/relocate?categoryId=3972&offerKey=99b004b9b00ec3d2d96e2c147d59a7d6&offerListId=626954-5281DC7974B3A8DD6129BCF60DBE871E&pos=20&price=51.95&productid=626954&sid=22167&type=offer
01-HB-ORA-TS30,HUGO BOSS BOSS ORANGE WOMAN EDT-S 30ML,737052238050.0,1000+,42.0,10.25,,,0.0,1749151.0,Dressinn.com (UK),£16.99 £566.33/L,https://www.idealo.co.uk/relocator/relocate?categoryId=3972&offerKey=ca5503adfb32c53746b4a886a3dbc588&offerListId=1749151-E675A5A7694BC6C7104C5FFF020431E4&pos=1&price=16.99&productid=1749151&sid=318629&type=offer
01-HB-ORA-TS30,HUGO BOSS BOSS ORANGE WOMAN EDT-S 30ML,737052238050.0,1000+,42.0,10.25,,,0.0,1749151.0,Perfumeclick.co.uk,£17.25 £575.00/L,https://www.idealo.co.uk/relocator/relocate?categoryId=3972&offerKey=f8190fef65296fcad11c1ba1b5a2735c&offerListId=1749151-E675A5A7694BC6C7104C5FFF020431E4&pos=2&price=17.25&productid=1749151&sid=69736&type=offer
01-HB-ORA-TS30,HUGO BOSS BOSS ORANGE WOMAN EDT-S 30ML,737052238050.0,1000+,42.0,10.25,,,0.0,1749151.0,cosmetify.com,£18.11 £603.67/L,https://www.idealo.co.uk/relocator/relocate?categoryId=3972&offerKey=109cfd918cf09cb46d9846d1f6ab9f5c&offerListId=1749151-E675A5A7694BC6C7104C5FFF020431E4&pos=3&price=18.11&productid=1749151&sid=329503&type=offer
01-HB-ORA-TS30,HUGO BOSS BOSS ORANGE WOMAN EDT-S 30ML,737052238050.0,1000+,42.0,10.25,,,0.0,1749151.0,ebay.co.uk,£19.96 £665.33/L,https://www.idealo.co.uk/relocator/relocate?categoryId=3972&offerKey=ece18dca1fb2eb44c7d508edcf65018e&offerListId=1749151-E675A5A7694BC6C7104C5FFF020431E4&pos=4&price=19.96&productid=1749151&sid=22818&type=offer
01-HB-ORA-TS30,HUGO BOSS BOSS ORANGE WOMAN EDT-S 30ML,737052238050.0,1000+,42.0,10.25,,,0.0,1749151.0,perfumedirect.com,£19.99 £666.33/L,https://www.idealo.co.uk/relocator/relocate?categoryId=3972&offerKey=0eaba402044155b54dd1d0cf1ddca994&offerListId=1749151-E675A5A7694BC6C7104C5FFF020431E4&pos=5&price=19.99&productid=1749151&sid=318630&type=offer
01-HB-ORA-TS30,HUGO BOSS BOSS ORANGE WOMAN EDT-S 30ML,737052238050.0,1000+,42.0,10.25,,,0.0,1749151.0,,£20.72 £690.67/L,https://www.idealo.co.uk/relocator/relocate?categoryId=3972&offerKey=63eaed6ea1a704e2ff50ebb68fff948b&offerListId=1749151-E675A5A7694BC6C7104C5FFF020431E4&pos=6&price=20.72&productid=1749151&sid=307734&type=offer
01-HB-ORA-TS30,HUGO BOSS BOSS ORANGE WOMAN EDT-S 30ML,737052238050.0,1000+,42.0,10.25,,,0.0,1749151.0,secretsales.com (UK),£22.77 £759.00/L,https://www.idealo.co.uk/relocator/relocate?categoryId=3972&offerKey=44591420459db96752bd77901645584f&offerListId=1749151-E675A5A7694BC6C7104C5FFF020431E4&pos=7&price=22.77&productid=1749151&sid=324015&type=offer
01-HB-ORA-TS30,HUGO BOSS BOSS ORANGE WOMAN EDT-S 30ML,737052238050.0,1000+,42.0,10.25,,,0.0,1749151.0,onbuy.com,£23.57 £785.67/L,https://www.idealo.co.uk/relocator/relocate?categoryId=3972&offerKey=706be632a5d915ba31e65607de148bff&offerListId=1749151-E675A5A7694BC6C7104C5FFF020431E4&pos=8&price=23.57&productid=1749151&sid=316895&type=offer
01-HB-ORA-TS30,HUGO BOSS BOSS ORANGE WOMAN EDT-S 30ML,737052238050.0,1000+,42.0,10.25,,,0.0,1749151.0,Tjhughes.co.uk,£24.00 £800.00/L,https://www.idealo.co.uk/relocator/relocate?categoryId=3972&offerKey=c67456292ed4f2e9dc76e413256d4274&offerListId=1749151-E675A5A7694BC6C7104C5FFF020431E4&pos=9&price=24.00&productid=1749151&sid=28759&type=offer
01-HB-ORA-TS30,HUGO BOSS BOSS ORANGE WOMAN EDT-S 30ML,737052238050.0,1000+,42.0,10.25,,,0.0,1749151.0,parfumdreams.co.uk,£25.90 £863.33/L,https://www.idealo.co.uk/relocator/relocate?categoryId=3972&offerKey=eac9c3f7998c50d2c7587d3b8cfd5104&offerListId=1749151-E675A5A7694BC6C7104C5FFF020431E4&pos=10&price=25.90&productid=1749151&sid=316458&type=offer
01-HB-ORA-TS30,HUGO BOSS BOSS ORANGE WOMAN EDT-S 30ML,737052238050.0,1000+,42.0,10.25,,,0.0,1749151.0,Clearchemist.co.uk,£28.50 £950.00/L,https://www.idealo.co.uk/relocator/relocate?categoryId=3972&offerKey=e0e0c70effb98441006824406c12296b&offerListId=1749151-E675A5A7694BC6C7104C5FFF020431E4&pos=11&price=28.50&productid=1749151&sid=289670&type=offer
01-HB-ORA-TS30,HUGO BOSS BOSS ORANGE WOMAN EDT-S 30ML,737052238050.0,1000+,42.0,10.25,,,0.0,1749151.0,Expresschemist.co.uk,£29.25 £975.00/L,https://www.idealo.co.uk/relocator/relocate?categoryId=3972&offerKey=e34f334729563634fdb1fa2f98f6736e&offerListId=1749151-E675A5A7694BC6C7104C5FFF020431E4&pos=12&price=29.25&productid=1749151&sid=22167&type=offer
01-HB-ORA-TS30,HUGO BOSS BOSS ORANGE WOMAN EDT-S 30ML,737052238050.0,1000+,42.0,10.25,,,0.0,1749151.0,amazon.co.uk,£29.40 £980.00/L,https://www.idealo.co.uk/relocator/relocate?categoryId=3972&offerKey=f603ff71d0337a078ac854072124b514&offerListId=1749151-E675A5A7694BC6C7104C5FFF020431E4&pos=13&price=29.40&productid=1749151&sid=12004&type=offer
01-HB-ORA-TS50,HUGO BOSS BOSS ORANGE WOMAN EDT-S 50ML,737052238081.0,721,68.0,11.95,,,0.0,1749149.0,Clearchemist.co.uk,£18.80 £376.00/L,https://www.idealo.co.uk/relocator/relocate?categoryId=3972&offerKey=aaa58ee5a183e9b068d78985d179ff31&offerListId=1749149-92231273A2A93DFE6497EAB6A116C629&pos=1&price=18.80&productid=1749149&sid=289670&type=offer
01-HB-ORA-TS50,HUGO BOSS BOSS ORANGE WOMAN EDT-S 50ML,737052238081.0,721,68.0,11.95,,,0.0,1749149.0,cosmetify.com,£20.54 £410.80/L,https://www.idealo.co.uk/relocator/relocate?categoryId=3972&offerKey=12ce1ac53918ae5cafd1d91a7c35a9f1&offerListId=1749149-92231273A2A93DFE6497EAB6A116C629&pos=2&price=20.54&productid=1749149&sid=329503&type=offer
01-HB-ORA-TS50,HUGO BOSS BOSS ORANGE WOMAN EDT-S 50ML,737052238081.0,721,68.0,11.95,,,0.0,1749149.0,groupon.co.uk,£22.00 £440.00/L,https://www.idealo.co.uk/relocator/relocate?categoryId=3972&offerKey=9ba3fe0383e420601e860e043e2969e6&offerListId=1749149-92231273A2A93DFE6497EAB6A116C629&pos=3&price=22.00&productid=1749149&sid=313205&type=offer
01-HB-ORA-TS50,HUGO BOSS BOSS ORANGE WOMAN EDT-S 50ML,737052238081.0,721,68.0,11.95,,,0.0,1749149.0,ebay.co.uk,£24.74 £494.80/L,https://www.idealo.co.uk/relocator/relocate?categoryId=3972&offerKey=761859818dfeaf45c06062f4175c6ccc&offerListId=1749149-92231273A2A93DFE6497EAB6A116C629&pos=4&price=24.74&productid=1749149&sid=22818&type=offer
01-HB-ORA-TS50,HUGO BOSS BOSS ORANGE WOMAN EDT-S 50ML,737052238081.0,721,68.0,11.95,,,0.0,1749149.0,secretsales.com (UK),£24.80 £496.00/L,https://www.idealo.co.uk/relocator/relocate?categoryId=3972&offerKey=42a1ef80db42a3d8afafeb6460601146&offerListId=1749149-92231273A2A93DFE6497EAB6A116C629&pos=5&price=24.80&productid=1749149&sid=324015&type=offer
01-HB-ORA-TS50,HUGO BOSS BOSS ORANGE WOMAN EDT-S 50ML,737052238081.0,721,68.0,11.95,,,0.0,1749149.0,perfumeprice.co.uk,£24.95 £499.00/L,https://www.idealo.co.uk/relocator/relocate?categoryId=3972&offerKey=f31cfe01b5e703cdc1bd3cb006171f3e&offerListId=1749149-92231273A2A93DFE6497EAB6A116C629&pos=6&price=24.95&productid=1749149&sid=321700&type=offer
01-HB-ORA-TS50,HUGO BOSS BOSS ORANGE WOMAN EDT-S 50ML,737052238081.0,721,68.0,11.95,,,0.0,1749149.0,beautybase.com(UK),£25.00 £500.00/L,https://www.idealo.co.uk/relocator/relocate?categoryId=3972&offerKey=7342b0e4ce0ee1f9c1a36a3de0c88686&offerListId=1749149-92231273A2A93DFE6497EAB6A116C629&pos=7&price=25.00&productid=1749149&sid=299115&type=offer
01-HB-ORA-TS50,HUGO BOSS BOSS ORANGE WOMAN EDT-S 50ML,737052238081.0,721,68.0,11.95,,,0.0,1749149.0,onbuy.com,£25.97 £519.40/L,https://www.idealo.co.uk/relocator/relocate?categoryId=3972&offerKey=fef90cfe8f75be42a4ce6e2ffc5e6ca7&offerListId=1749149-92231273A2A93DFE6497EAB6A116C629&pos=8&price=25.97&productid=1749149&sid=316895&type=offer
01-HB-ORA-TS50,HUGO BOSS BOSS ORANGE WOMAN EDT-S 50ML,737052238081.0,721,68.0,11.95,,,0.0,1749149.0,Dressinn.com (UK),£26.99 £539.80/L,https://www.idealo.co.uk/relocator/relocate?categoryId=3972&offerKey=95e03f225014d071d45c50345766ce02&offerListId=1749149-92231273A2A93DFE6497EAB6A116C629&pos=9&price=26.99&productid=1749149&sid=318629&type=offer
01-HB-ORA-TS50,HUGO BOSS BOSS ORANGE WOMAN EDT-S 50ML,737052238081.0,721,68.0,11.95,,,0.0,1749149.0,perfumedirect.com,£26.99 £539.80/L,https://www.idealo.co.uk/relocator/relocate?categoryId=3972&offerKey=0b5783a79803b6ead97c630c7589a83a&offerListId=1749149-92231273A2A93DFE6497EAB6A116C629&pos=10&price=26.99&productid=1749149&sid=318630&type=offer
01-HB-ORA-TS50,HUGO BOSS BOSS ORANGE WOMAN EDT-S 50ML,737052238081.0,721,68.0,11.95,,,0.0,1749149.0,amazon.co.uk,£28.70 £574.00/L,https://www.idealo.co.uk/relocator/relocate?categoryId=3972&offerKey=e220e2af4a9a21403e79b9596855a2b2&offerListId=1749149-92231273A2A93DFE6497EAB6A116C629&pos=11&price=28.70&productid=1749149&sid=12004&type=offer
01-HB-ORA-TS50,HUGO BOSS BOSS ORANGE WOMAN EDT-S 50ML,737052238081.0,721,68.0,11.95,,,0.0,1749149.0,Directcosmetics.com(UK),£30.60 £612.00/L,https://www.idealo.co.uk/relocator/relocate?categoryId=3972&offerKey=d0544156e76e8799edaccb15f866e9b1&offerListId=1749149-92231273A2A93DFE6497EAB6A116C629&pos=12&price=30.60&productid=1749149&sid=24317&type=offer
01-HB-ORA-TS50,HUGO BOSS BOSS ORANGE WOMAN EDT-S 50ML,737052238081.0,721,68.0,11.95,,,0.0,1749149.0,debenhams.com,£31.00 £620.00/L,https://www.idealo.co.uk/relocator/relocate?categoryId=3972&offerKey=d51f712d69216d7d77d2ccea53bea92e&offerListId=1749149-92231273A2A93DFE6497EAB6A116C629&pos=13&price=31.00&productid=1749149&sid=324109&type=offer
01-HB-ORA-TS50,HUGO BOSS BOSS ORANGE WOMAN EDT-S 50ML,737052238081.0,721,68.0,11.95,,,0.0,1749149.0,Scentsationalperfumes.com,£32.50 £650.00/L,https://www.idealo.co.uk/relocator/relocate?categoryId=3972&offerKey=c81a9fa29d49bf7a25e581650c3c4c45&offerListId=1749149-92231273A2A93DFE6497EAB6A116C629&pos=14&price=32.50&productid=1749149&sid=282041&type=offer
01-HB-ORA-TS50,HUGO BOSS BOSS ORANGE WOMAN EDT-S 50ML,737052238081.0,721,68.0,11.95,,,0.0,1749149.0,flannels.com,£33.00 £660.00/L,https://www.idealo.co.uk/relocator/relocate?categoryId=3972&offerKey=be99df61399c46eff64d30a228c986f7&offerListId=1749149-92231273A2A93DFE6497EAB6A116C629&pos=15&price=33.00&productid=1749149&sid=329528&type=offer
01-HB-ORA-TS50,HUGO BOSS BOSS ORANGE WOMAN EDT-S 50ML,737052238081.0,721,68.0,11.95,,,0.0,1749149.0,,£34.48 £689.60/L,https://www.idealo.co.uk/relocator/relocate?categoryId=3972&offerKey=165b3d7722d9de0e04c45c52b544f066&offerListId=1749149-92231273A2A93DFE6497EAB6A116C629&pos=16&price=34.48&productid=1749149&sid=307734&type=offer
01-HB-ORA-TS50,HUGO BOSS BOSS ORANGE WOMAN EDT-S 50ML,737052238081.0,721,68.0,11.95,,,0.0,1749149.0,salontotal.co.uk,£34.85 £697.00/L,https://www.idealo.co.uk/relocator/relocate?categoryId=3972&offerKey=6ec9c72c8b974d49c0c52ffe0953411a&offerListId=1749149-92231273A2A93DFE6497EAB6A116C629&pos=17&price=34.85&productid=1749149&sid=324505&type=offer
01-HB-ORA-TS50,HUGO BOSS BOSS ORANGE WOMAN EDT-S 50ML,737052238081.0,721,68.0,11.95,,,0.0,1749149.0,allbeauty.com(UK),£34.95 £699.00/L,https://www.idealo.co.uk/relocator/relocate?categoryId=3972&offerKey=b965389454fd2077c9f4b3289e4515ad&offerListId=1749149-92231273A2A93DFE6497EAB6A116C629&pos=18&price=34.95&productid=1749149&sid=28942&type=offer
01-HB-ORA-TS50,HUGO BOSS BOSS ORANGE WOMAN EDT-S 50ML,737052238081.0,721,68.0,11.95,,,0.0,1749149.0,parfumdreams.co.uk,£35.95 £719.00/L,https://www.idealo.co.uk/relocator/relocate?categoryId=3972&offerKey=49649d0120d1f7f3018d963e6217355b&offerListId=1749149-92231273A2A93DFE6497EAB6A116C629&pos=19&price=35.95&productid=1749149&sid=316458&type=offer
01-HB-ORA-TS50,HUGO BOSS BOSS ORANGE WOMAN EDT-S 50ML,737052238081.0,721,68.0,11.95,,,0.0,1749149.0,Fragrancedirect.co.uk,£35.95 £719.00/L,https://www.idealo.co.uk/relocator/relocate?categoryId=3972&offerKey=94f7c4744df158d91c8f59a6bc96dae2&offerListId=1749149-92231273A2A93DFE6497EAB6A116C629&pos=20&price=35.95&productid=1749149&sid=21971&type=offer
01-HB-ORA-TS50,HUGO BOSS BOSS ORANGE WOMAN EDT-S 50ML,737052238081.0,721,68.0,11.95,,,0.0,1749149.0,Clearchemist.co.uk,£18.80 £376.00/L,https://www.idealo.co.uk/relocator/relocate?categoryId=3972&offerKey=aaa58ee5a183e9b068d78985d179ff31&offerListId=1749149-92231273A2A93DFE6497EAB6A116C629&pos=1&price=18.80&productid=1749149&sid=289670&type=offer
01-HB-ORA-TS50,HUGO BOSS BOSS ORANGE WOMAN EDT-S 50ML,737052238081.0,721,68.0,11.95,,,0.0,1749149.0,cosmetify.com,£20.54 £410.80/L,https://www.idealo.co.uk/relocator/relocate?categoryId=3972&offerKey=12ce1ac53918ae5cafd1d91a7c35a9f1&offerListId=1749149-92231273A2A93DFE6497EAB6A116C629&pos=2&price=20.54&productid=1749149&sid=329503&type=offer
01-HB-ORA-TS50,HUGO BOSS BOSS ORANGE WOMAN EDT-S 50ML,737052238081.0,721,68.0,11.95,,,0.0,1749149.0,groupon.co.uk,£22.00 £440.00/L,https://www.idealo.co.uk/relocator/relocate?categoryId=3972&offerKey=9ba3fe0383e420601e860e043e2969e6&offerListId=1749149-92231273A2A93DFE6497EAB6A116C629&pos=3&price=22.00&productid=1749149&sid=313205&type=offer
01-HB-ORA-TS50,HUGO BOSS BOSS ORANGE WOMAN EDT-S 50ML,737052238081.0,721,68.0,11.95,,,0.0,1749149.0,ebay.co.uk,£24.74 £494.80/L,https://www.idealo.co.uk/relocator/relocate?categoryId=3972&offerKey=761859818dfeaf45c06062f4175c6ccc&offerListId=1749149-92231273A2A93DFE6497EAB6A116C629&pos=4&price=24.74&productid=1749149&sid=22818&type=offer
01-HB-ORA-TS50,HUGO BOSS BOSS ORANGE WOMAN EDT-S 50ML,737052238081.0,721,68.0,11.95,,,0.0,1749149.0,secretsales.com (UK),£24.80 £496.00/L,https://www.idealo.co.uk/relocator/relocate?categoryId=3972&offerKey=42a1ef80db42a3d8afafeb6460601146&offerListId=1749149-92231273A2A93DFE6497EAB6A116C629&pos=5&price=24.80&productid=1749149&sid=324015&type=offer
01-HB-ORA-TS50,HUGO BOSS BOSS ORANGE WOMAN EDT-S 50ML,737052238081.0,721,68.0,11.95,,,0.0,1749149.0,perfumeprice.co.uk,£24.95 £499.00/L,https://www.idealo.co.uk/relocator/relocate?categoryId=3972&offerKey=f31cfe01b5e703cdc1bd3cb006171f3e&offerListId=1749149-92231273A2A93DFE6497EAB6A116C629&pos=6&price=24.95&productid=1749149&sid=321700&type=offer
01-HB-ORA-TS50,HUGO BOSS BOSS ORANGE WOMAN EDT-S 50ML,737052238081.0,721,68.0,11.95,,,0.0,1749149.0,beautybase.com(UK),£25.00 £500.00/L,https://www.idealo.co.uk/relocator/relocate?categoryId=3972&offerKey=7342b0e4ce0ee1f9c1a36a3de0c88686&offerListId=1749149-92231273A2A93DFE6497EAB6A116C629&pos=7&price=25.00&productid=1749149&sid=299115&type=offer
01-HB-ORA-TS50,HUGO BOSS BOSS ORANGE WOMAN EDT-S 50ML,737052238081.0,721,68.0,11.95,,,0.0,1749149.0,onbuy.com,£25.97 £519.40/L,https://www.idealo.co.uk/relocator/relocate?categoryId=3972&offerKey=fef90cfe8f75be42a4ce6e2ffc5e6ca7&offerListId=1749149-92231273A2A93DFE6497EAB6A116C629&pos=8&price=25.97&productid=1749149&sid=316895&type=offer
01-HB-ORA-TS50,HUGO BOSS BOSS ORANGE WOMAN EDT-S 50ML,737052238081.0,721,68.0,11.95,,,0.0,1749149.0,Dressinn.com (UK),£26.99 £539.80/L,https://www.idealo.co.uk/relocator/relocate?categoryId=3972&offerKey=95e03f225014d071d45c50345766ce02&offerListId=1749149-92231273A2A93DFE6497EAB6A116C629&pos=9&price=26.99&productid=1749149&sid=318629&type=offer
01-HB-ORA-TS50,HUGO BOSS BOSS ORANGE WOMAN EDT-S 50ML,737052238081.0,721,68.0,11.95,,,0.0,1749149.0,perfumedirect.com,£26.99 £539.80/L,https://www.idealo.co.uk/relocator/relocate?categoryId=3972&offerKey=0b5783a79803b6ead97c630c7589a83a&offerListId=1749149-92231273A2A93DFE6497EAB6A116C629&pos=10&price=26.99&productid=1749149&sid=318630&type=offer
01-HB-ORA-TS50,HUGO BOSS BOSS ORANGE WOMAN EDT-S 50ML,737052238081.0,721,68.0,11.95,,,0.0,1749149.0,amazon.co.uk,£28.70 £574.00/L,https://www.idealo.co.uk/relocator/relocate?categoryId=3972&offerKey=e220e2af4a9a21403e79b9596855a2b2&offerListId=1749149-92231273A2A93DFE6497EAB6A116C629&pos=11&price=28.70&productid=1749149&sid=12004&type=offer
01-HB-ORA-TS50,HUGO BOSS BOSS ORANGE WOMAN EDT-S 50ML,737052238081.0,721,68.0,11.95,,,0.0,1749149.0,Directcosmetics.com(UK),£30.60 £612.00/L,https://www.idealo.co.uk/relocator/relocate?categoryId=3972&offerKey=d0544156e76e8799edaccb15f866e9b1&offerListId=1749149-92231273A2A93DFE6497EAB6A116C629&pos=12&price=30.60&productid=1749149&sid=24317&type=offer
01-HB-ORA-TS50,HUGO BOSS BOSS ORANGE WOMAN EDT-S 50ML,737052238081.0,721,68.0,11.95,,,0.0,1749149.0,debenhams.com,£31.00 £620.00/L,https://www.idealo.co.uk/relocator/relocate?categoryId=3972&offerKey=d51f712d69216d7d77d2ccea53bea92e&offerListId=1749149-92231273A2A93DFE6497EAB6A116C629&pos=13&price=31.00&productid=1749149&sid=324109&type=offer
01-HB-ORA-TS50,HUGO BOSS BOSS ORANGE WOMAN EDT-S 50ML,737052238081.0,721,68.0,11.95,,,0.0,1749149.0,Scentsationalperfumes.com,£32.50 £650.00/L,https://www.idealo.co.uk/relocator/relocate?categoryId=3972&offerKey=c81a9fa29d49bf7a25e581650c3c4c45&offerListId=1749149-92231273A2A93DFE6497EAB6A116C629&pos=14&price=32.50&productid=1749149&sid=282041&type=offer
01-HB-ORA-TS50,HUGO BOSS BOSS ORANGE WOMAN EDT-S 50ML,737052238081.0,721,68.0,11.95,,,0.0,1749149.0,flannels.com,£33.00 £660.00/L,https://www.idealo.co.uk/relocator/relocate?categoryId=3972&offerKey=be99df61399c46eff64d30a228c986f7&offerListId=1749149-92231273A2A93DFE6497EAB6A116C629&pos=15&price=33.00&productid=1749149&sid=329528&type=offer
01-HB-ORA-TS50,HUGO BOSS BOSS ORANGE WOMAN EDT-S 50ML,737052238081.0,721,68.0,11.95,,,0.0,1749149.0,,£34.48 £689.60/L,https://www.idealo.co.uk/relocator/relocate?categoryId=3972&offerKey=165b3d7722d9de0e04c45c52b544f066&offerListId=1749149-92231273A2A93DFE6497EAB6A116C629&pos=16&price=34.48&productid=1749149&sid=307734&type=offer
01-HB-ORA-TS50,HUGO BOSS BOSS ORANGE WOMAN EDT-S 50ML,737052238081.0,721,68.0,11.95,,,0.0,1749149.0,salontotal.co.uk,£34.85 £697.00/L,https://www.idealo.co.uk/relocator/relocate?categoryId=3972&offerKey=6ec9c72c8b974d49c0c52ffe0953411a&offerListId=1749149-92231273A2A93DFE6497EAB6A116C629&pos=17&price=34.85&productid=1749149&sid=324505&type=offer
01-HB-ORA-TS50,HUGO BOSS BOSS ORANGE WOMAN EDT-S 50ML,737052238081.0,721,68.0,11.95,,,0.0,1749149.0,allbeauty.com(UK),£34.95 £699.00/L,https://www.idealo.co.uk/relocator/relocate?categoryId=3972&offerKey=b965389454fd2077c9f4b3289e4515ad&offerListId=1749149-92231273A2A93DFE6497EAB6A116C629&pos=18&price=34.95&productid=1749149&sid=28942&type=offer
01-HB-ORA-TS50,HUGO BOSS BOSS ORANGE WOMAN EDT-S 50ML,737052238081.0,721,68.0,11.95,,,0.0,1749149.0,parfumdreams.co.uk,£35.95 £719.00/L,https://www.idealo.co.uk/relocator/relocate?categoryId=3972&offerKey=49649d0120d1f7f3018d963e6217355b&offerListId=1749149-92231273A2A93DFE6497EAB6A116C629&pos=19&price=35.95&productid=1749149&sid=316458&type=offer
01-HB-ORA-TS50,HUGO BOSS BOSS ORANGE WOMAN EDT-S 50ML,737052238081.0,721,68.0,11.95,,,0.0,1749149.0,Fragrancedirect.co.uk,£35.95 £719.00/L,https://www.idealo.co.uk/relocator/relocate?categoryId=3972&offerKey=94f7c4744df158d91c8f59a6bc96dae2&offerListId=1749149-92231273A2A93DFE6497EAB6A116C629&pos=20&price=35.95&productid=1749149&sid=21971&type=offer
01-HB-ORA-TS50-UK,HUGO BOSS BOSS ORANGE WOMAN EDT-S 50ML,737052238081.0,91,68.0,11.95,,,0.0,1749149.0,Clearchemist.co.uk,£18.80 £376.00/L,https://www.idealo.co.uk/relocator/relocate?categoryId=3972&offerKey=aaa58ee5a183e9b068d78985d179ff31&offerListId=1749149-92231273A2A93DFE6497EAB6A116C629&pos=1&price=18.80&productid=1749149&sid=289670&type=offer
01-HB-ORA-TS50-UK,HUGO BOSS BOSS ORANGE WOMAN EDT-S 50ML,737052238081.0,91,68.0,11.95,,,0.0,1749149.0,cosmetify.com,£20.54 £410.80/L,https://www.idealo.co.uk/relocator/relocate?categoryId=3972&offerKey=12ce1ac53918ae5cafd1d91a7c35a9f1&offerListId=1749149-92231273A2A93DFE6497EAB6A116C629&pos=2&price=20.54&productid=1749149&sid=329503&type=offer
01-HB-ORA-TS50-UK,HUGO BOSS BOSS ORANGE WOMAN EDT-S 50ML,737052238081.0,91,68.0,11.95,,,0.0,1749149.0,groupon.co.uk,£22.00 £440.00/L,https://www.idealo.co.uk/relocator/relocate?categoryId=3972&offerKey=9ba3fe0383e420601e860e043e2969e6&offerListId=1749149-92231273A2A93DFE6497EAB6A116C629&pos=3&price=22.00&productid=1749149&sid=313205&type=offer
01-HB-ORA-TS50-UK,HUGO BOSS BOSS ORANGE WOMAN EDT-S 50ML,737052238081.0,91,68.0,11.95,,,0.0,1749149.0,ebay.co.uk,£24.74 £494.80/L,https://www.idealo.co.uk/relocator/relocate?categoryId=3972&offerKey=761859818dfeaf45c06062f4175c6ccc&offerListId=1749149-92231273A2A93DFE6497EAB6A116C629&pos=4&price=24.74&productid=1749149&sid=22818&type=offer
01-HB-ORA-TS50-UK,HUGO BOSS BOSS ORANGE WOMAN EDT-S 50ML,737052238081.0,91,68.0,11.95,,,0.0,1749149.0,secretsales.com (UK),£24.80 £496.00/L,https://www.idealo.co.uk/relocator/relocate?categoryId=3972&offerKey=42a1ef80db42a3d8afafeb6460601146&offerListId=1749149-92231273A2A93DFE6497EAB6A116C629&pos=5&price=24.80&productid=1749149&sid=324015&type=offer
01-HB-ORA-TS50-UK,HUGO BOSS BOSS ORANGE WOMAN EDT-S 50ML,737052238081.0,91,68.0,11.95,,,0.0,1749149.0,perfumeprice.co.uk,£24.95 £499.00/L,https://www.idealo.co.uk/relocator/relocate?categoryId=3972&offerKey=f31cfe01b5e703cdc1bd3cb006171f3e&offerListId=1749149-92231273A2A93DFE6497EAB6A116C629&pos=6&price=24.95&productid=1749149&sid=321700&type=offer
01-HB-ORA-TS50-UK,HUGO BOSS BOSS ORANGE WOMAN EDT-S 50ML,737052238081.0,91,68.0,11.95,,,0.0,1749149.0,beautybase.com(UK),£25.00 £500.00/L,https://www.idealo.co.uk/relocator/relocate?categoryId=3972&offerKey=7342b0e4ce0ee1f9c1a36a3de0c88686&offerListId=1749149-92231273A2A93DFE6497EAB6A116C629&pos=7&price=25.00&productid=1749149&sid=299115&type=offer
01-HB-ORA-TS50-UK,HUGO BOSS BOSS ORANGE WOMAN EDT-S 50ML,737052238081.0,91,68.0,11.95,,,0.0,1749149.0,onbuy.com,£25.97 £519.40/L,https://www.idealo.co.uk/relocator/relocate?categoryId=3972&offerKey=fef90cfe8f75be42a4ce6e2ffc5e6ca7&offerListId=1749149-92231273A2A93DFE6497EAB6A116C629&pos=8&price=25.97&productid=1749149&sid=316895&type=offer
01-HB-ORA-TS50-UK,HUGO BOSS BOSS ORANGE WOMAN EDT-S 50ML,737052238081.0,91,68.0,11.95,,,0.0,1749149.0,Dressinn.com (UK),£26.99 £539.80/L,https://www.idealo.co.uk/relocator/relocate?categoryId=3972&offerKey=95e03f225014d071d45c50345766ce02&offerListId=1749149-92231273A2A93DFE6497EAB6A116C629&pos=9&price=26.99&productid=1749149&sid=318629&type=offer
01-HB-ORA-TS50-UK,HUGO BOSS BOSS ORANGE WOMAN EDT-S 50ML,737052238081.0,91,68.0,11.95,,,0.0,1749149.0,perfumedirect.com,£26.99 £539.80/L,https://www.idealo.co.uk/relocator/relocate?categoryId=3972&offerKey=0b5783a79803b6ead97c630c7589a83a&offerListId=1749149-92231273A2A93DFE6497EAB6A116C629&pos=10&price=26.99&productid=1749149&sid=318630&type=offer
01-HB-ORA-TS50-UK,HUGO BOSS BOSS ORANGE WOMAN EDT-S 50ML,737052238081.0,91,68.0,11.95,,,0.0,1749149.0,amazon.co.uk,£28.70 £574.00/L,https://www.idealo.co.uk/relocator/relocate?categoryId=3972&offerKey=e220e2af4a9a21403e79b9596855a2b2&offerListId=1749149-92231273A2A93DFE6497EAB6A116C629&pos=11&price=28.70&productid=1749149&sid=12004&type=offer
01-HB-ORA-TS50-UK,HUGO BOSS BOSS ORANGE WOMAN EDT-S 50ML,737052238081.0,91,68.0,11.95,,,0.0,1749149.0,Directcosmetics.com(UK),£30.60 £612.00/L,https://www.idealo.co.uk/relocator/relocate?categoryId=3972&offerKey=d0544156e76e8799edaccb15f866e9b1&offerListId=1749149-92231273A2A93DFE6497EAB6A116C629&pos=12&price=30.60&productid=1749149&sid=24317&type=offer
01-HB-ORA-TS50-UK,HUGO BOSS BOSS ORANGE WOMAN EDT-S 50ML,737052238081.0,91,68.0,11.95,,,0.0,1749149.0,debenhams.com,£31.00 £620.00/L,https://www.idealo.co.uk/relocator/relocate?categoryId=3972&offerKey=d51f712d69216d7d77d2ccea53bea92e&offerListId=1749149-92231273A2A93DFE6497EAB6A116C629&pos=13&price=31.00&productid=1749149&sid=324109&type=offer
01-HB-ORA-TS50-UK,HUGO BOSS BOSS ORANGE WOMAN EDT-S 50ML,737052238081.0,91,68.0,11.95,,,0.0,1749149.0,Scentsationalperfumes.com,£32.50 £650.00/L,https://www.idealo.co.uk/relocator/relocate?categoryId=3972&offerKey=c81a9fa29d49bf7a25e581650c3c4c45&offerListId=1749149-92231273A2A93DFE6497EAB6A116C629&pos=14&price=32.50&productid=1749149&sid=282041&type=offer
01-HB-ORA-TS50-UK,HUGO BOSS BOSS ORANGE WOMAN EDT-S 50ML,737052238081.0,91,68.0,11.95,,,0.0,1749149.0,flannels.com,£33.00 £660.00/L,https://www.idealo.co.uk/relocator/relocate?categoryId=3972&offerKey=be99df61399c46eff64d30a228c986f7&offerListId=1749149-92231273A2A93DFE6497EAB6A116C629&pos=15&price=33.00&productid=1749149&sid=329528&type=offer
01-HB-ORA-TS50-UK,HUGO BOSS BOSS ORANGE WOMAN EDT-S 50ML,737052238081.0,91,68.0,11.95,,,0.0,1749149.0,,£34.48 £689.60/L,https://www.idealo.co.uk/relocator/relocate?categoryId=3972&offerKey=165b3d7722d9de0e04c45c52b544f066&offerListId=1749149-92231273A2A93DFE6497EAB6A116C629&pos=16&price=34.48&productid=1749149&sid=307734&type=offer
01-HB-ORA-TS50-UK,HUGO BOSS BOSS ORANGE WOMAN EDT-S 50ML,737052238081.0,91,68.0,11.95,,,0.0,1749149.0,salontotal.co.uk,£34.85 £697.00/L,https://www.idealo.co.uk/relocator/relocate?categoryId=3972&offerKey=6ec9c72c8b974d49c0c52ffe0953411a&offerListId=1749149-92231273A2A93DFE6497EAB6A116C629&pos=17&price=34.85&productid=1749149&sid=324505&type=offer
01-HB-ORA-TS50-UK,HUGO BOSS BOSS ORANGE WOMAN EDT-S 50ML,737052238081.0,91,68.0,11.95,,,0.0,1749149.0,allbeauty.com(UK),£34.95 £699.00/L,https://www.idealo.co.uk/relocator/relocate?categoryId=3972&offerKey=b965389454fd2077c9f4b3289e4515ad&offerListId=1749149-92231273A2A93DFE6497EAB6A116C629&pos=18&price=34.95&productid=1749149&sid=28942&type=offer
01-HB-ORA-TS50-UK,HUGO BOSS BOSS ORANGE WOMAN EDT-S 50ML,737052238081.0,91,68.0,11.95,,,0.0,1749149.0,parfumdreams.co.uk,£35.95 £719.00/L,https://www.idealo.co.uk/relocator/relocate?categoryId=3972&offerKey=49649d0120d1f7f3018d963e6217355b&offerListId=1749149-92231273A2A93DFE6497EAB6A116C629&pos=19&price=35.95&productid=1749149&sid=316458&type=offer
01-HB-ORA-TS50-UK,HUGO BOSS BOSS ORANGE WOMAN EDT-S 50ML,737052238081.0,91,68.0,11.95,,,0.0,1749149.0,Fragrancedirect.co.uk,£35.95 £719.00/L,https://www.idealo.co.uk/relocator/relocate?categoryId=3972&offerKey=94f7c4744df158d91c8f59a6bc96dae2&offerListId=1749149-92231273A2A93DFE6497EAB6A116C629&pos=20&price=35.95&productid=1749149&sid=21971&type=offer
01-HB-ORA-TS50-UK,HUGO BOSS BOSS ORANGE WOMAN EDT-S 50ML,737052238081.0,91,68.0,11.95,,,0.0,1749149.0,Clearchemist.co.uk,£18.80 £376.00/L,https://www.idealo.co.uk/relocator/relocate?categoryId=3972&offerKey=aaa58ee5a183e9b068d78985d179ff31&offerListId=1749149-92231273A2A93DFE6497EAB6A116C629&pos=1&price=18.80&productid=1749149&sid=289670&type=offer
01-HB-ORA-TS50-UK,HUGO BOSS BOSS ORANGE WOMAN EDT-S 50ML,737052238081.0,91,68.0,11.95,,,0.0,1749149.0,cosmetify.com,£20.54 £410.80/L,https://www.idealo.co.uk/relocator/relocate?categoryId=3972&offerKey=12ce1ac53918ae5cafd1d91a7c35a9f1&offerListId=1749149-92231273A2A93DFE6497EAB6A116C629&pos=2&price=20.54&productid=1749149&sid=329503&type=offer
01-HB-ORA-TS50-UK,HUGO BOSS BOSS ORANGE WOMAN EDT-S 50ML,737052238081.0,91,68.0,11.95,,,0.0,1749149.0,groupon.co.uk,£22.00 £440.00/L,https://www.idealo.co.uk/relocator/relocate?categoryId=3972&offerKey=9ba3fe0383e420601e860e043e2969e6&offerListId=1749149-92231273A2A93DFE6497EAB6A116C629&pos=3&price=22.00&productid=1749149&sid=313205&type=offer
01-HB-ORA-TS50-UK,HUGO BOSS BOSS ORANGE WOMAN EDT-S 50ML,737052238081.0,91,68.0,11.95,,,0.0,1749149.0,ebay.co.uk,£24.74 £494.80/L,https://www.idealo.co.uk/relocator/relocate?categoryId=3972&offerKey=761859818dfeaf45c06062f4175c6ccc&offerListId=1749149-92231273A2A93DFE6497EAB6A116C629&pos=4&price=24.74&productid=1749149&sid=22818&type=offer
01-HB-ORA-TS50-UK,HUGO BOSS BOSS ORANGE WOMAN EDT-S 50ML,737052238081.0,91,68.0,11.95,,,0.0,1749149.0,secretsales.com (UK),£24.80 £496.00/L,https://www.idealo.co.uk/relocator/relocate?categoryId=3972&offerKey=42a1ef80db42a3d8afafeb6460601146&offerListId=1749149-92231273A2A93DFE6497EAB6A116C629&pos=5&price=24.80&productid=1749149&sid=324015&type=offer
01-HB-ORA-TS50-UK,HUGO BOSS BOSS ORANGE WOMAN EDT-S 50ML,737052238081.0,91,68.0,11.95,,,0.0,1749149.0,perfumeprice.co.uk,£24.95 £499.00/L,https://www.idealo.co.uk/relocator/relocate?categoryId=3972&offerKey=f31cfe01b5e703cdc1bd3cb006171f3e&offerListId=1749149-92231273A2A93DFE6497EAB6A116C629&pos=6&price=24.95&productid=1749149&sid=321700&type=offer
01-HB-ORA-TS50-UK,HUGO BOSS BOSS ORANGE WOMAN EDT-S 50ML,737052238081.0,91,68.0,11.95,,,0.0,1749149.0,beautybase.com(UK),£25.00 £500.00/L,https://www.idealo.co.uk/relocator/relocate?categoryId=3972&offerKey=7342b0e4ce0ee1f9c1a36a3de0c88686&offerListId=1749149-92231273A2A93DFE6497EAB6A116C629&pos=7&price=25.00&productid=1749149&sid=299115&type=offer
01-HB-ORA-TS50-UK,HUGO BOSS BOSS ORANGE WOMAN EDT-S 50ML,737052238081.0,91,68.0,11.95,,,0.0,1749149.0,onbuy.com,£25.97 £519.40/L,https://www.idealo.co.uk/relocator/relocate?categoryId=3972&offerKey=fef90cfe8f75be42a4ce6e2ffc5e6ca7&offerListId=1749149-92231273A2A93DFE6497EAB6A116C629&pos=8&price=25.97&productid=1749149&sid=316895&type=offer
01-HB-ORA-TS50-UK,HUGO BOSS BOSS ORANGE WOMAN EDT-S 50ML,737052238081.0,91,68.0,11.95,,,0.0,1749149.0,Dressinn.com (UK),£26.99 £539.80/L,https://www.idealo.co.uk/relocator/relocate?categoryId=3972&offerKey=95e03f225014d071d45c50345766ce02&offerListId=1749149-92231273A2A93DFE6497EAB6A116C629&pos=9&price=26.99&productid=1749149&sid=318629&type=offer
01-HB-ORA-TS50-UK,HUGO BOSS BOSS ORANGE WOMAN EDT-S 50ML,737052238081.0,91,68.0,11.95,,,0.0,1749149.0,perfumedirect.com,£26.99 £539.80/L,https://www.idealo.co.uk/relocator/relocate?categoryId=3972&offerKey=0b5783a79803b6ead97c630c7589a83a&offerListId=1749149-92231273A2A93DFE6497EAB6A116C629&pos=10&price=26.99&productid=1749149&sid=318630&type=offer
01-HB-ORA-TS50-UK,HUGO BOSS BOSS ORANGE WOMAN EDT-S 50ML,737052238081.0,91,68.0,11.95,,,0.0,1749149.0,amazon.co.uk,£28.70 £574.00/L,https://www.idealo.co.uk/relocator/relocate?categoryId=3972&offerKey=e220e2af4a9a21403e79b9596855a2b2&offerListId=1749149-92231273A2A93DFE6497EAB6A116C629&pos=11&price=28.70&productid=1749149&sid=12004&type=offer
01-HB-ORA-TS50-UK,HUGO BOSS BOSS ORANGE WOMAN EDT-S 50ML,737052238081.0,91,68.0,11.95,,,0.0,1749149.0,Directcosmetics.com(UK),£30.60 £612.00/L,https://www.idealo.co.uk/relocator/relocate?categoryId=3972&offerKey=d0544156e76e8799edaccb15f866e9b1&offerListId=1749149-92231273A2A93DFE6497EAB6A116C629&pos=12&price=30.60&productid=1749149&sid=24317&type=offer
01-HB-ORA-TS50-UK,HUGO BOSS BOSS ORANGE WOMAN EDT-S 50ML,737052238081.0,91,68.0,11.95,,,0.0,1749149.0,debenhams.com,£31.00 £620.00/L,https://www.idealo.co.uk/relocator/relocate?categoryId=3972&offerKey=d51f712d69216d7d77d2ccea53bea92e&offerListId=1749149-92231273A2A93DFE6497EAB6A116C629&pos=13&price=31.00&productid=1749149&sid=324109&type=offer
01-HB-ORA-TS50-UK,HUGO BOSS BOSS ORANGE WOMAN EDT-S 50ML,737052238081.0,91,68.0,11.95,,,0.0,1749149.0,Scentsationalperfumes.com,£32.50 £650.00/L,https://www.idealo.co.uk/relocator/relocate?categoryId=3972&offerKey=c81a9fa29d49bf7a25e581650c3c4c45&offerListId=1749149-92231273A2A93DFE6497EAB6A116C629&pos=14&price=32.50&productid=1749149&sid=282041&type=offer
01-HB-ORA-TS50-UK,HUGO BOSS BOSS ORANGE WOMAN EDT-S 50ML,737052238081.0,91,68.0,11.95,,,0.0,1749149.0,flannels.com,£33.00 £660.00/L,https://www.idealo.co.uk/relocator/relocate?categoryId=3972&offerKey=be99df61399c46eff64d30a228c986f7&offerListId=1749149-92231273A2A93DFE6497EAB6A116C629&pos=15&price=33.00&productid=1749149&sid=329528&type=offer
01-HB-ORA-TS50-UK,HUGO BOSS BOSS ORANGE WOMAN EDT-S 50ML,737052238081.0,91,68.0,11.95,,,0.0,1749149.0,,£34.48 £689.60/L,https://www.idealo.co.uk/relocator/relocate?categoryId=3972&offerKey=165b3d7722d9de0e04c45c52b544f066&offerListId=1749149-92231273A2A93DFE6497EAB6A116C629&pos=16&price=34.48&productid=1749149&sid=307734&type=offer
01-HB-ORA-TS50-UK,HUGO BOSS BOSS ORANGE WOMAN EDT-S 50ML,737052238081.0,91,68.0,11.95,,,0.0,1749149.0,salontotal.co.uk,£34.85 £697.00/L,https://www.idealo.co.uk/relocator/relocate?categoryId=3972&offerKey=6ec9c72c8b974d49c0c52ffe0953411a&offerListId=1749149-92231273A2A93DFE6497EAB6A116C629&pos=17&price=34.85&productid=1749149&sid=324505&type=offer
01-HB-ORA-TS50-UK,HUGO BOSS BOSS ORANGE WOMAN EDT-S 50ML,737052238081.0,91,68.0,11.95,,,0.0,1749149.0,allbeauty.com(UK),£34.95 £699.00/L,https://www.idealo.co.uk/relocator/relocate?categoryId=3972&offerKey=b965389454fd2077c9f4b3289e4515ad&offerListId=1749149-92231273A2A93DFE6497EAB6A116C629&pos=18&price=34.95&productid=1749149&sid=28942&type=offer
01-HB-ORA-TS50-UK,HUGO BOSS BOSS ORANGE WOMAN EDT-S 50ML,737052238081.0,91,68.0,11.95,,,0.0,1749149.0,parfumdreams.co.uk,£35.95 £719.00/L,https://www.idealo.co.uk/relocator/relocate?categoryId=3972&offerKey=49649d0120d1f7f3018d963e6217355b&offerListId=1749149-92231273A2A93DFE6497EAB6A116C629&pos=19&price=35.95&productid=1749149&sid=316458&type=offer
01-HB-ORA-TS50-UK,HUGO BOSS BOSS ORANGE WOMAN EDT-S 50ML,737052238081.0,91,68.0,11.95,,,0.0,1749149.0,Fragrancedirect.co.uk,£35.95 £719.00/L,https://www.idealo.co.uk/relocator/relocate?categoryId=3972&offerKey=94f7c4744df158d91c8f59a6bc96dae2&offerListId=1749149-92231273A2A93DFE6497EAB6A116C629&pos=20&price=35.95&productid=1749149&sid=21971&type=offer
01-HB-ORA-TS75,HUGO BOSS BOSS ORANGE WOMAN EDT-S 75ML,737052238128.0,393,72.0,16.75,,,0.0,1749152.0,Perfumeclick.co.uk,£28.65 £382.00/L,https://www.idealo.co.uk/relocator/relocate?categoryId=3972&offerKey=03370503ec5e694ff6a6b5022385afb1&offerListId=1749152-82E85BEC63B93229E9681192F3C8E9B0&pos=1&price=28.65&productid=1749152&sid=69736&type=offer
01-HB-ORA-TS75,HUGO BOSS BOSS ORANGE WOMAN EDT-S 75ML,737052238128.0,393,72.0,16.75,,,0.0,1749152.0,groupon.co.uk,£28.99 £386.53/L,https://www.idealo.co.uk/relocator/relocate?categoryId=3972&offerKey=d4647234d960dd3836df960f608bd826&offerListId=1749152-82E85BEC63B93229E9681192F3C8E9B0&pos=2&price=28.99&productid=1749152&sid=313205&type=offer
01-HB-ORA-TS75,HUGO BOSS BOSS ORANGE WOMAN EDT-S 75ML,737052238128.0,393,72.0,16.75,,,0.0,1749152.0,cosmetify.com,£29.89 £398.53/L,https://www.idealo.co.uk/relocator/relocate?categoryId=3972&offerKey=9c0ef92cf12e31df842b1f57cf155fdf&offerListId=1749152-82E85BEC63B93229E9681192F3C8E9B0&pos=3&price=29.89&productid=1749152&sid=329503&type=offer
01-HB-ORA-TS75,HUGO BOSS BOSS ORANGE WOMAN EDT-S 75ML,737052238128.0,393,72.0,16.75,,,0.0,1749152.0,ebay.co.uk,£29.95 £399.33/L,https://www.idealo.co.uk/relocator/relocate?categoryId=3972&offerKey=43abe63deaa7637b81c35ffd28e7d6e5&offerListId=1749152-82E85BEC63B93229E9681192F3C8E9B0&pos=4&price=29.95&productid=1749152&sid=22818&type=offer
01-HB-ORA-TS75,HUGO BOSS BOSS ORANGE WOMAN EDT-S 75ML,737052238128.0,393,72.0,16.75,,,0.0,1749152.0,perfumeprice.co.uk,£29.95 £399.33/L,https://www.idealo.co.uk/relocator/relocate?categoryId=3972&offerKey=2c795e2c14128554a326d432778be1cb&offerListId=1749152-82E85BEC63B93229E9681192F3C8E9B0&pos=5&price=29.95&productid=1749152&sid=321700&type=offer
01-HB-ORA-TS75,HUGO BOSS BOSS ORANGE WOMAN EDT-S 75ML,737052238128.0,393,72.0,16.75,,,0.0,1749152.0,groupon.co.uk,£31.99 £426.53/L,https://www.idealo.co.uk/relocator/relocate?categoryId=3972&offerKey=0693919c2e34681319ea4b842fc4334f&offerListId=1749152-82E85BEC63B93229E9681192F3C8E9B0&pos=6&price=31.99&productid=1749152&sid=313205&type=offer
01-HB-ORA-TS75,HUGO BOSS BOSS ORANGE WOMAN EDT-S 75ML,737052238128.0,393,72.0,16.75,,,0.0,1749152.0,perfumedirect.com,£31.99 £426.53/L,https://www.idealo.co.uk/relocator/relocate?categoryId=3972&offerKey=ed0e11ea489d56e9f41ee15d86ca97b9&offerListId=1749152-82E85BEC63B93229E9681192F3C8E9B0&pos=7&price=31.99&productid=1749152&sid=318630&type=offer
01-HB-ORA-TS75,HUGO BOSS BOSS ORANGE WOMAN EDT-S 75ML,737052238128.0,393,72.0,16.75,,,0.0,1749152.0,beautybase.com(UK),£32.00 £426.67/L,https://www.idealo.co.uk/relocator/relocate?categoryId=3972&offerKey=c394282e5aada4c86a7a2882bc343d34&offerListId=1749152-82E85BEC63B93229E9681192F3C8E9B0&pos=8&price=32.00&productid=1749152&sid=299115&type=offer
01-HB-ORA-TS75,HUGO BOSS BOSS ORANGE WOMAN EDT-S 75ML,737052238128.0,393,72.0,16.75,,,0.0,1749152.0,allbeauty.com(UK),£34.95 £466.00/L,https://www.idealo.co.uk/relocator/relocate?categoryId=3972&offerKey=f56124421f224c8674d165cc74073952&offerListId=1749152-82E85BEC63B93229E9681192F3C8E9B0&pos=9&price=34.95&productid=1749152&sid=28942&type=offer
01-HB-ORA-TS75,HUGO BOSS BOSS ORANGE WOMAN EDT-S 75ML,737052238128.0,393,72.0,16.75,,,0.0,1749152.0,Fragrancedirect.co.uk,£34.95 £466.00/L,https://www.idealo.co.uk/relocator/relocate?categoryId=3972&offerKey=a4f662eb68c1b08cbdeecab3c25fb185&offerListId=1749152-82E85BEC63B93229E9681192F3C8E9B0&pos=10&price=34.95&productid=1749152&sid=21971&type=offer
01-HB-ORA-TS75,HUGO BOSS BOSS ORANGE WOMAN EDT-S 75ML,737052238128.0,393,72.0,16.75,,,0.0,1749152.0,Clearchemist.co.uk,£34.95 £466.00/L,https://www.idealo.co.uk/relocator/relocate?categoryId=3972&offerKey=7deaa33beb4be92c88f1ba139b346eb5&offerListId=1749152-82E85BEC63B93229E9681192F3C8E9B0&pos=11&price=34.95&productid=1749152&sid=289670&type=offer
01-HB-ORA-TS75,HUGO BOSS BOSS ORANGE WOMAN EDT-S 75ML,737052238128.0,393,72.0,16.75,,,0.0,1749152.0,onbuy.com,£34.97 £466.27/L,https://www.idealo.co.uk/relocator/relocate?categoryId=3972&offerKey=d68e1388e9c22f99ea52cf051c89c88c&offerListId=1749152-82E85BEC63B93229E9681192F3C8E9B0&pos=12&price=34.97&productid=1749152&sid=316895&type=offer
01-HB-ORA-TS75,HUGO BOSS BOSS ORANGE WOMAN EDT-S 75ML,737052238128.0,393,72.0,16.75,,,0.0,1749152.0,debenhams.com,£35.00 £466.67/L,https://www.idealo.co.uk/relocator/relocate?categoryId=3972&offerKey=dfcb9924c88b4786bf14b228794669f9&offerListId=1749152-82E85BEC63B93229E9681192F3C8E9B0&pos=13&price=35.00&productid=1749152&sid=324109&type=offer
01-HB-ORA-TS75,HUGO BOSS BOSS ORANGE WOMAN EDT-S 75ML,737052238128.0,393,72.0,16.75,,,0.0,1749152.0,Perfumeshopping.com(UK),£36.97 £492.93/L,https://www.idealo.co.uk/relocator/relocate?categoryId=3972&offerKey=21b03b9c245886b78d46827c9c0795ac&offerListId=1749152-82E85BEC63B93229E9681192F3C8E9B0&pos=14&price=36.97&productid=1749152&sid=282217&type=offer
01-HB-ORA-TS75,HUGO BOSS BOSS ORANGE WOMAN EDT-S 75ML,737052238128.0,393,72.0,16.75,,,0.0,1749152.0,Perfumeshopping.com(UK),£36.97 £492.93/L,https://www.idealo.co.uk/relocator/relocate?categoryId=3972&offerKey=227c66ff37a3f010d634677c98aa1241&offerListId=1749152-82E85BEC63B93229E9681192F3C8E9B0&pos=15&price=36.97&productid=1749152&sid=282217&type=offer
01-HB-ORA-TS75,HUGO BOSS BOSS ORANGE WOMAN EDT-S 75ML,737052238128.0,393,72.0,16.75,,,0.0,1749152.0,,£40.64 £541.87/L,https://www.idealo.co.uk/relocator/relocate?categoryId=3972&offerKey=2446aa31bb7cef7f08ee94575393d2dc&offerListId=1749152-82E85BEC63B93229E9681192F3C8E9B0&pos=16&price=40.64&productid=1749152&sid=307734&type=offer
01-HB-ORA-TS75,HUGO BOSS BOSS ORANGE WOMAN EDT-S 75ML,737052238128.0,393,72.0,16.75,,,0.0,1749152.0,perfumeuk.co.uk,£41.00 £546.67/L,https://www.idealo.co.uk/relocator/relocate?categoryId=3972&offerKey=74e09973ceace1d7aea6606ddb8e04b4&offerListId=1749152-82E85BEC63B93229E9681192F3C8E9B0&pos=17&price=41.00&productid=1749152&sid=323991&type=offer
01-HB-ORA-TS75,HUGO BOSS BOSS ORANGE WOMAN EDT-S 75ML,737052238128.0,393,72.0,16.75,,,0.0,1749152.0,Dressinn.com (UK),£41.99 £559.87/L,https://www.idealo.co.uk/relocator/relocate?categoryId=3972&offerKey=d0fd8f7b4506f9eb0fea5246b813e16f&offerListId=1749152-82E85BEC63B93229E9681192F3C8E9B0&pos=18&price=41.99&productid=1749152&sid=318629&type=offer
01-HB-ORA-TS75,HUGO BOSS BOSS ORANGE WOMAN EDT-S 75ML,737052238128.0,393,72.0,16.75,,,0.0,1749152.0,onbuy.com,£44.00 £586.67/L,https://www.idealo.co.uk/relocator/relocate?categoryId=3972&offerKey=8d7bf42f93a6ab85280568010950c901&offerListId=1749152-82E85BEC63B93229E9681192F3C8E9B0&pos=19&price=44.00&productid=1749152&sid=316895&type=offer
01-HB-ORA-TS75,HUGO BOSS BOSS ORANGE WOMAN EDT-S 75ML,737052238128.0,393,72.0,16.75,,,0.0,1749152.0,my-origines.com(UK),£45.29 £603.87/L,https://www.idealo.co.uk/relocator/relocate?categoryId=3972&offerKey=fed0d6eed2fee40d5242f2139cacc784&offerListId=1749152-82E85BEC63B93229E9681192F3C8E9B0&pos=20&price=45.29&productid=1749152&sid=328503&type=offer
01-HB-ORA-TS75,HUGO BOSS BOSS ORANGE WOMAN EDT-S 75ML,737052238128.0,393,72.0,16.75,,,0.0,1749152.0,Perfumeclick.co.uk,£28.65 £382.00/L,https://www.idealo.co.uk/relocator/relocate?categoryId=3972&offerKey=03370503ec5e694ff6a6b5022385afb1&offerListId=1749152-82E85BEC63B93229E9681192F3C8E9B0&pos=1&price=28.65&productid=1749152&sid=69736&type=offer
01-HB-ORA-TS75,HUGO BOSS BOSS ORANGE WOMAN EDT-S 75ML,737052238128.0,393,72.0,16.75,,,0.0,1749152.0,groupon.co.uk,£28.99 £386.53/L,https://www.idealo.co.uk/relocator/relocate?categoryId=3972&offerKey=d4647234d960dd3836df960f608bd826&offerListId=1749152-82E85BEC63B93229E9681192F3C8E9B0&pos=2&price=28.99&productid=1749152&sid=313205&type=offer
01-HB-ORA-TS75,HUGO BOSS BOSS ORANGE WOMAN EDT-S 75ML,737052238128.0,393,72.0,16.75,,,0.0,1749152.0,cosmetify.com,£29.89 £398.53/L,https://www.idealo.co.uk/relocator/relocate?categoryId=3972&offerKey=9c0ef92cf12e31df842b1f57cf155fdf&offerListId=1749152-82E85BEC63B93229E9681192F3C8E9B0&pos=3&price=29.89&productid=1749152&sid=329503&type=offer
01-HB-ORA-TS75,HUGO BOSS BOSS ORANGE WOMAN EDT-S 75ML,737052238128.0,393,72.0,16.75,,,0.0,1749152.0,ebay.co.uk,£29.95 £399.33/L,https://www.idealo.co.uk/relocator/relocate?categoryId=3972&offerKey=43abe63deaa7637b81c35ffd28e7d6e5&offerListId=1749152-82E85BEC63B93229E9681192F3C8E9B0&pos=4&price=29.95&productid=1749152&sid=22818&type=offer
01-HB-ORA-TS75,HUGO BOSS BOSS ORANGE WOMAN EDT-S 75ML,737052238128.0,393,72.0,16.75,,,0.0,1749152.0,perfumeprice.co.uk,£29.95 £399.33/L,https://www.idealo.co.uk/relocator/relocate?categoryId=3972&offerKey=2c795e2c14128554a326d432778be1cb&offerListId=1749152-82E85BEC63B93229E9681192F3C8E9B0&pos=5&price=29.95&productid=1749152&sid=321700&type=offer
01-HB-ORA-TS75,HUGO BOSS BOSS ORANGE WOMAN EDT-S 75ML,737052238128.0,393,72.0,16.75,,,0.0,1749152.0,groupon.co.uk,£31.99 £426.53/L,https://www.idealo.co.uk/relocator/relocate?categoryId=3972&offerKey=0693919c2e34681319ea4b842fc4334f&offerListId=1749152-82E85BEC63B93229E9681192F3C8E9B0&pos=6&price=31.99&productid=1749152&sid=313205&type=offer
01-HB-ORA-TS75,HUGO BOSS BOSS ORANGE WOMAN EDT-S 75ML,737052238128.0,393,72.0,16.75,,,0.0,1749152.0,perfumedirect.com,£31.99 £426.53/L,https://www.idealo.co.uk/relocator/relocate?categoryId=3972&offerKey=ed0e11ea489d56e9f41ee15d86ca97b9&offerListId=1749152-82E85BEC63B93229E9681192F3C8E9B0&pos=7&price=31.99&productid=1749152&sid=318630&type=offer
01-HB-ORA-TS75,HUGO BOSS BOSS ORANGE WOMAN EDT-S 75ML,737052238128.0,393,72.0,16.75,,,0.0,1749152.0,beautybase.com(UK),£32.00 £426.67/L,https://www.idealo.co.uk/relocator/relocate?categoryId=3972&offerKey=c394282e5aada4c86a7a2882bc343d34&offerListId=1749152-82E85BEC63B93229E9681192F3C8E9B0&pos=8&price=32.00&productid=1749152&sid=299115&type=offer
01-HB-ORA-TS75,HUGO BOSS BOSS ORANGE WOMAN EDT-S 75ML,737052238128.0,393,72.0,16.75,,,0.0,1749152.0,allbeauty.com(UK),£34.95 £466.00/L,https://www.idealo.co.uk/relocator/relocate?categoryId=3972&offerKey=f56124421f224c8674d165cc74073952&offerListId=1749152-82E85BEC63B93229E9681192F3C8E9B0&pos=9&price=34.95&productid=1749152&sid=28942&type=offer
01-HB-ORA-TS75,HUGO BOSS BOSS ORANGE WOMAN EDT-S 75ML,737052238128.0,393,72.0,16.75,,,0.0,1749152.0,Fragrancedirect.co.uk,£34.95 £466.00/L,https://www.idealo.co.uk/relocator/relocate?categoryId=3972&offerKey=a4f662eb68c1b08cbdeecab3c25fb185&offerListId=1749152-82E85BEC63B93229E9681192F3C8E9B0&pos=10&price=34.95&productid=1749152&sid=21971&type=offer
01-HB-ORA-TS75,HUGO BOSS BOSS ORANGE WOMAN EDT-S 75ML,737052238128.0,393,72.0,16.75,,,0.0,1749152.0,Clearchemist.co.uk,£34.95 £466.00/L,https://www.idealo.co.uk/relocator/relocate?categoryId=3972&offerKey=7deaa33beb4be92c88f1ba139b346eb5&offerListId=1749152-82E85BEC63B93229E9681192F3C8E9B0&pos=11&price=34.95&productid=1749152&sid=289670&type=offer
01-HB-ORA-TS75,HUGO BOSS BOSS ORANGE WOMAN EDT-S 75ML,737052238128.0,393,72.0,16.75,,,0.0,1749152.0,onbuy.com,£34.97 £466.27/L,https://www.idealo.co.uk/relocator/relocate?categoryId=3972&offerKey=d68e1388e9c22f99ea52cf051c89c88c&offerListId=1749152-82E85BEC63B93229E9681192F3C8E9B0&pos=12&price=34.97&productid=1749152&sid=316895&type=offer
01-HB-ORA-TS75,HUGO BOSS BOSS ORANGE WOMAN EDT-S 75ML,737052238128.0,393,72.0,16.75,,,0.0,1749152.0,debenhams.com,£35.00 £466.67/L,https://www.idealo.co.uk/relocator/relocate?categoryId=3972&offerKey=dfcb9924c88b4786bf14b228794669f9&offerListId=1749152-82E85BEC63B93229E9681192F3C8E9B0&pos=13&price=35.00&productid=1749152&sid=324109&type=offer
01-HB-ORA-TS75,HUGO BOSS BOSS ORANGE WOMAN EDT-S 75ML,737052238128.0,393,72.0,16.75,,,0.0,1749152.0,Perfumeshopping.com(UK),£36.97 £492.93/L,https://www.idealo.co.uk/relocator/relocate?categoryId=3972&offerKey=21b03b9c245886b78d46827c9c0795ac&offerListId=1749152-82E85BEC63B93229E9681192F3C8E9B0&pos=14&price=36.97&productid=1749152&sid=282217&type=offer
01-HB-ORA-TS75,HUGO BOSS BOSS ORANGE WOMAN EDT-S 75ML,737052238128.0,393,72.0,16.75,,,0.0,1749152.0,Perfumeshopping.com(UK),£36.97 £492.93/L,https://www.idealo.co.uk/relocator/relocate?categoryId=3972&offerKey=227c66ff37a3f010d634677c98aa1241&offerListId=1749152-82E85BEC63B93229E9681192F3C8E9B0&pos=15&price=36.97&productid=1749152&sid=282217&type=offer
01-HB-ORA-TS75,HUGO BOSS BOSS ORANGE WOMAN EDT-S 75ML,737052238128.0,393,72.0,16.75,,,0.0,1749152.0,,£40.64 £541.87/L,https://www.idealo.co.uk/relocator/relocate?categoryId=3972&offerKey=2446aa31bb7cef7f08ee94575393d2dc&offerListId=1749152-82E85BEC63B93229E9681192F3C8E9B0&pos=16&price=40.64&productid=1749152&sid=307734&type=offer
01-HB-ORA-TS75,HUGO BOSS BOSS ORANGE WOMAN EDT-S 75ML,737052238128.0,393,72.0,16.75,,,0.0,1749152.0,perfumeuk.co.uk,£41.00 £546.67/L,https://www.idealo.co.uk/relocator/relocate?categoryId=3972&offerKey=74e09973ceace1d7aea6606ddb8e04b4&offerListId=1749152-82E85BEC63B93229E9681192F3C8E9B0&pos=17&price=41.00&productid=1749152&sid=323991&type=offer
01-HB-ORA-TS75,HUGO BOSS BOSS ORANGE WOMAN EDT-S 75ML,737052238128.0,393,72.0,16.75,,,0.0,1749152.0,Dressinn.com (UK),£41.99 £559.87/L,https://www.idealo.co.uk/relocator/relocate?categoryId=3972&offerKey=d0fd8f7b4506f9eb0fea5246b813e16f&offerListId=1749152-82E85BEC63B93229E9681192F3C8E9B0&pos=18&price=41.99&productid=1749152&sid=318629&type=offer
01-HB-ORA-TS75,HUGO BOSS BOSS ORANGE WOMAN EDT-S 75ML,737052238128.0,393,72.0,16.75,,,0.0,1749152.0,onbuy.com,£44.00 £586.67/L,https://www.idealo.co.uk/relocator/relocate?categoryId=3972&offerKey=8d7bf42f93a6ab85280568010950c901&offerListId=1749152-82E85BEC63B93229E9681192F3C8E9B0&pos=19&price=44.00&productid=1749152&sid=316895&type=offer
01-HB-ORA-TS75,HUGO BOSS BOSS ORANGE WOMAN EDT-S 75ML,737052238128.0,393,72.0,16.75,,,0.0,1749152.0,my-origines.com(UK),£45.29 £603.87/L,https://www.idealo.co.uk/relocator/relocate?categoryId=3972&offerKey=fed0d6eed2fee40d5242f2139cacc784&offerListId=1749152-82E85BEC63B93229E9681192F3C8E9B0&pos=20&price=45.29&productid=1749152&sid=328503&type=offer
01-HB-ORA-TS75-UK,HUGO BOSS BOSS ORANGE WOMAN EDT-S 75ML,737052238128.0,1000+,72.0,16.75,,,0.0,1749152.0,Perfumeclick.co.uk,£28.65 £382.00/L,https://www.idealo.co.uk/relocator/relocate?categoryId=3972&offerKey=03370503ec5e694ff6a6b5022385afb1&offerListId=1749152-82E85BEC63B93229E9681192F3C8E9B0&pos=1&price=28.65&productid=1749152&sid=69736&type=offer
01-HB-ORA-TS75-UK,HUGO BOSS BOSS ORANGE WOMAN EDT-S 75ML,737052238128.0,1000+,72.0,16.75,,,0.0,1749152.0,groupon.co.uk,£28.99 £386.53/L,https://www.idealo.co.uk/relocator/relocate?categoryId=3972&offerKey=d4647234d960dd3836df960f608bd826&offerListId=1749152-82E85BEC63B93229E9681192F3C8E9B0&pos=2&price=28.99&productid=1749152&sid=313205&type=offer
01-HB-ORA-TS75-UK,HUGO BOSS BOSS ORANGE WOMAN EDT-S 75ML,737052238128.0,1000+,72.0,16.75,,,0.0,1749152.0,cosmetify.com,£29.89 £398.53/L,https://www.idealo.co.uk/relocator/relocate?categoryId=3972&offerKey=9c0ef92cf12e31df842b1f57cf155fdf&offerListId=1749152-82E85BEC63B93229E9681192F3C8E9B0&pos=3&price=29.89&productid=1749152&sid=329503&type=offer
01-HB-ORA-TS75-UK,HUGO BOSS BOSS ORANGE WOMAN EDT-S 75ML,737052238128.0,1000+,72.0,16.75,,,0.0,1749152.0,ebay.co.uk,£29.95 £399.33/L,https://www.idealo.co.uk/relocator/relocate?categoryId=3972&offerKey=43abe63deaa7637b81c35ffd28e7d6e5&offerListId=1749152-82E85BEC63B93229E9681192F3C8E9B0&pos=4&price=29.95&productid=1749152&sid=22818&type=offer
01-HB-ORA-TS75-UK,HUGO BOSS BOSS ORANGE WOMAN EDT-S 75ML,737052238128.0,1000+,72.0,16.75,,,0.0,1749152.0,perfumeprice.co.uk,£29.95 £399.33/L,https://www.idealo.co.uk/relocator/relocate?categoryId=3972&offerKey=2c795e2c14128554a326d432778be1cb&offerListId=1749152-82E85BEC63B93229E9681192F3C8E9B0&pos=5&price=29.95&productid=1749152&sid=321700&type=offer
01-HB-ORA-TS75-UK,HUGO BOSS BOSS ORANGE WOMAN EDT-S 75ML,737052238128.0,1000+,72.0,16.75,,,0.0,1749152.0,groupon.co.uk,£31.99 £426.53/L,https://www.idealo.co.uk/relocator/relocate?categoryId=3972&offerKey=0693919c2e34681319ea4b842fc4334f&offerListId=1749152-82E85BEC63B93229E9681192F3C8E9B0&pos=6&price=31.99&productid=1749152&sid=313205&type=offer
01-HB-ORA-TS75-UK,HUGO BOSS BOSS ORANGE WOMAN EDT-S 75ML,737052238128.0,1000+,72.0,16.75,,,0.0,1749152.0,perfumedirect.com,£31.99 £426.53/L,https://www.idealo.co.uk/relocator/relocate?categoryId=3972&offerKey=ed0e11ea489d56e9f41ee15d86ca97b9&offerListId=1749152-82E85BEC63B93229E9681192F3C8E9B0&pos=7&price=31.99&productid=1749152&sid=318630&type=offer
01-HB-ORA-TS75-UK,HUGO BOSS BOSS ORANGE WOMAN EDT-S 75ML,737052238128.0,1000+,72.0,16.75,,,0.0,1749152.0,beautybase.com(UK),£32.00 £426.67/L,https://www.idealo.co.uk/relocator/relocate?categoryId=3972&offerKey=c394282e5aada4c86a7a2882bc343d34&offerListId=1749152-82E85BEC63B93229E9681192F3C8E9B0&pos=8&price=32.00&productid=1749152&sid=299115&type=offer
01-HB-ORA-TS75-UK,HUGO BOSS BOSS ORANGE WOMAN EDT-S 75ML,737052238128.0,1000+,72.0,16.75,,,0.0,1749152.0,allbeauty.com(UK),£34.95 £466.00/L,https://www.idealo.co.uk/relocator/relocate?categoryId=3972&offerKey=f56124421f224c8674d165cc74073952&offerListId=1749152-82E85BEC63B93229E9681192F3C8E9B0&pos=9&price=34.95&productid=1749152&sid=28942&type=offer
01-HB-ORA-TS75-UK,HUGO BOSS BOSS ORANGE WOMAN EDT-S 75ML,737052238128.0,1000+,72.0,16.75,,,0.0,1749152.0,Fragrancedirect.co.uk,£34.95 £466.00/L,https://www.idealo.co.uk/relocator/relocate?categoryId=3972&offerKey=a4f662eb68c1b08cbdeecab3c25fb185&offerListId=1749152-82E85BEC63B93229E9681192F3C8E9B0&pos=10&price=34.95&productid=1749152&sid=21971&type=offer
01-HB-ORA-TS75-UK,HUGO BOSS BOSS ORANGE WOMAN EDT-S 75ML,737052238128.0,1000+,72.0,16.75,,,0.0,1749152.0,Clearchemist.co.uk,£34.95 £466.00/L,https://www.idealo.co.uk/relocator/relocate?categoryId=3972&offerKey=7deaa33beb4be92c88f1ba139b346eb5&offerListId=1749152-82E85BEC63B93229E9681192F3C8E9B0&pos=11&price=34.95&productid=1749152&sid=289670&type=offer
01-HB-ORA-TS75-UK,HUGO BOSS BOSS ORANGE WOMAN EDT-S 75ML,737052238128.0,1000+,72.0,16.75,,,0.0,1749152.0,onbuy.com,£34.97 £466.27/L,https://www.idealo.co.uk/relocator/relocate?categoryId=3972&offerKey=d68e1388e9c22f99ea52cf051c89c88c&offerListId=1749152-82E85BEC63B93229E9681192F3C8E9B0&pos=12&price=34.97&productid=1749152&sid=316895&type=offer
01-HB-ORA-TS75-UK,HUGO BOSS BOSS ORANGE WOMAN EDT-S 75ML,737052238128.0,1000+,72.0,16.75,,,0.0,1749152.0,debenhams.com,£35.00 £466.67/L,https://www.idealo.co.uk/relocator/relocate?categoryId=3972&offerKey=dfcb9924c88b4786bf14b228794669f9&offerListId=1749152-82E85BEC63B93229E9681192F3C8E9B0&pos=13&price=35.00&productid=1749152&sid=324109&type=offer
01-HB-ORA-TS75-UK,HUGO BOSS BOSS ORANGE WOMAN EDT-S 75ML,737052238128.0,1000+,72.0,16.75,,,0.0,1749152.0,Perfumeshopping.com(UK),£36.97 £492.93/L,https://www.idealo.co.uk/relocator/relocate?categoryId=3972&offerKey=21b03b9c245886b78d46827c9c0795ac&offerListId=1749152-82E85BEC63B93229E9681192F3C8E9B0&pos=14&price=36.97&productid=1749152&sid=282217&type=offer
01-HB-ORA-TS75-UK,HUGO BOSS BOSS ORANGE WOMAN EDT-S 75ML,737052238128.0,1000+,72.0,16.75,,,0.0,1749152.0,Perfumeshopping.com(UK),£36.97 £492.93/L,https://www.idealo.co.uk/relocator/relocate?categoryId=3972&offerKey=227c66ff37a3f010d634677c98aa1241&offerListId=1749152-82E85BEC63B93229E9681192F3C8E9B0&pos=15&price=36.97&productid=1749152&sid=282217&type=offer
01-HB-ORA-TS75-UK,HUGO BOSS BOSS ORANGE WOMAN EDT-S 75ML,737052238128.0,1000+,72.0,16.75,,,0.0,1749152.0,,£40.64 £541.87/L,https://www.idealo.co.uk/relocator/relocate?categoryId=3972&offerKey=2446aa31bb7cef7f08ee94575393d2dc&offerListId=1749152-82E85BEC63B93229E9681192F3C8E9B0&pos=16&price=40.64&productid=1749152&sid=307734&type=offer
01-HB-ORA-TS75-UK,HUGO BOSS BOSS ORANGE WOMAN EDT-S 75ML,737052238128.0,1000+,72.0,16.75,,,0.0,1749152.0,perfumeuk.co.uk,£41.00 £546.67/L,https://www.idealo.co.uk/relocator/relocate?categoryId=3972&offerKey=74e09973ceace1d7aea6606ddb8e04b4&offerListId=1749152-82E85BEC63B93229E9681192F3C8E9B0&pos=17&price=41.00&productid=1749152&sid=323991&type=offer
01-HB-ORA-TS75-UK,HUGO BOSS BOSS ORANGE WOMAN EDT-S 75ML,737052238128.0,1000+,72.0,16.75,,,0.0,1749152.0,Dressinn.com (UK),£41.99 £559.87/L,https://www.idealo.co.uk/relocator/relocate?categoryId=3972&offerKey=d0fd8f7b4506f9eb0fea5246b813e16f&offerListId=1749152-82E85BEC63B93229E9681192F3C8E9B0&pos=18&price=41.99&productid=1749152&sid=318629&type=offer
01-HB-ORA-TS75-UK,HUGO BOSS BOSS ORANGE WOMAN EDT-S 75ML,737052238128.0,1000+,72.0,16.75,,,0.0,1749152.0,onbuy.com,£44.00 £586.67/L,https://www.idealo.co.uk/relocator/relocate?categoryId=3972&offerKey=8d7bf42f93a6ab85280568010950c901&offerListId=1749152-82E85BEC63B93229E9681192F3C8E9B0&pos=19&price=44.00&productid=1749152&sid=316895&type=offer
01-HB-ORA-TS75-UK,HUGO BOSS BOSS ORANGE WOMAN EDT-S 75ML,737052238128.0,1000+,72.0,16.75,,,0.0,1749152.0,my-origines.com(UK),£45.29 £603.87/L,https://www.idealo.co.uk/relocator/relocate?categoryId=3972&offerKey=fed0d6eed2fee40d5242f2139cacc784&offerListId=1749152-82E85BEC63B93229E9681192F3C8E9B0&pos=20&price=45.29&productid=1749152&sid=328503&type=offer
01-HB-ORA-TS75-UK,HUGO BOSS BOSS ORANGE WOMAN EDT-S 75ML,737052238128.0,1000+,72.0,16.75,,,0.0,1749152.0,Perfumeclick.co.uk,£28.65 £382.00/L,https://www.idealo.co.uk/relocator/relocate?categoryId=3972&offerKey=03370503ec5e694ff6a6b5022385afb1&offerListId=1749152-82E85BEC63B93229E9681192F3C8E9B0&pos=1&price=28.65&productid=1749152&sid=69736&type=offer
01-HB-ORA-TS75-UK,HUGO BOSS BOSS ORANGE WOMAN EDT-S 75ML,737052238128.0,1000+,72.0,16.75,,,0.0,1749152.0,groupon.co.uk,£28.99 £386.53/L,https://www.idealo.co.uk/relocator/relocate?categoryId=3972&offerKey=d4647234d960dd3836df960f608bd826&offerListId=1749152-82E85BEC63B93229E9681192F3C8E9B0&pos=2&price=28.99&productid=1749152&sid=313205&type=offer
01-HB-ORA-TS75-UK,HUGO BOSS BOSS ORANGE WOMAN EDT-S 75ML,737052238128.0,1000+,72.0,16.75,,,0.0,1749152.0,cosmetify.com,£29.89 £398.53/L,https://www.idealo.co.uk/relocator/relocate?categoryId=3972&offerKey=9c0ef92cf12e31df842b1f57cf155fdf&offerListId=1749152-82E85BEC63B93229E9681192F3C8E9B0&pos=3&price=29.89&productid=1749152&sid=329503&type=offer
01-HB-ORA-TS75-UK,HUGO BOSS BOSS ORANGE WOMAN EDT-S 75ML,737052238128.0,1000+,72.0,16.75,,,0.0,1749152.0,ebay.co.uk,£29.95 £399.33/L,https://www.idealo.co.uk/relocator/relocate?categoryId=3972&offerKey=43abe63deaa7637b81c35ffd28e7d6e5&offerListId=1749152-82E85BEC63B93229E9681192F3C8E9B0&pos=4&price=29.95&productid=1749152&sid=22818&type=offer
01-HB-ORA-TS75-UK,HUGO BOSS BOSS ORANGE WOMAN EDT-S 75ML,737052238128.0,1000+,72.0,16.75,,,0.0,1749152.0,perfumeprice.co.uk,£29.95 £399.33/L,https://www.idealo.co.uk/relocator/relocate?categoryId=3972&offerKey=2c795e2c14128554a326d432778be1cb&offerListId=1749152-82E85BEC63B93229E9681192F3C8E9B0&pos=5&price=29.95&productid=1749152&sid=321700&type=offer
01-HB-ORA-TS75-UK,HUGO BOSS BOSS ORANGE WOMAN EDT-S 75ML,737052238128.0,1000+,72.0,16.75,,,0.0,1749152.0,groupon.co.uk,£31.99 £426.53/L,https://www.idealo.co.uk/relocator/relocate?categoryId=3972&offerKey=0693919c2e34681319ea4b842fc4334f&offerListId=1749152-82E85BEC63B93229E9681192F3C8E9B0&pos=6&price=31.99&productid=1749152&sid=313205&type=offer
01-HB-ORA-TS75-UK,HUGO BOSS BOSS ORANGE WOMAN EDT-S 75ML,737052238128.0,1000+,72.0,16.75,,,0.0,1749152.0,perfumedirect.com,£31.99 £426.53/L,https://www.idealo.co.uk/relocator/relocate?categoryId=3972&offerKey=ed0e11ea489d56e9f41ee15d86ca97b9&offerListId=1749152-82E85BEC63B93229E9681192F3C8E9B0&pos=7&price=31.99&productid=1749152&sid=318630&type=offer
01-HB-ORA-TS75-UK,HUGO BOSS BOSS ORANGE WOMAN EDT-S 75ML,737052238128.0,1000+,72.0,16.75,,,0.0,1749152.0,beautybase.com(UK),£32.00 £426.67/L,https://www.idealo.co.uk/relocator/relocate?categoryId=3972&offerKey=c394282e5aada4c86a7a2882bc343d34&offerListId=1749152-82E85BEC63B93229E9681192F3C8E9B0&pos=8&price=32.00&productid=1749152&sid=299115&type=offer
01-HB-ORA-TS75-UK,HUGO BOSS BOSS ORANGE WOMAN EDT-S 75ML,737052238128.0,1000+,72.0,16.75,,,0.0,1749152.0,allbeauty.com(UK),£34.95 £466.00/L,https://www.idealo.co.uk/relocator/relocate?categoryId=3972&offerKey=f56124421f224c8674d165cc74073952&offerListId=1749152-82E85BEC63B93229E9681192F3C8E9B0&pos=9&price=34.95&productid=1749152&sid=28942&type=offer
01-HB-ORA-TS75-UK,HUGO BOSS BOSS ORANGE WOMAN EDT-S 75ML,737052238128.0,1000+,72.0,16.75,,,0.0,1749152.0,Fragrancedirect.co.uk,£34.95 £466.00/L,https://www.idealo.co.uk/relocator/relocate?categoryId=3972&offerKey=a4f662eb68c1b08cbdeecab3c25fb185&offerListId=1749152-82E85BEC63B93229E9681192F3C8E9B0&pos=10&price=34.95&productid=1749152&sid=21971&type=offer
01-HB-ORA-TS75-UK,HUGO BOSS BOSS ORANGE WOMAN EDT-S 75ML,737052238128.0,1000+,72.0,16.75,,,0.0,1749152.0,Clearchemist.co.uk,£34.95 £466.00/L,https://www.idealo.co.uk/relocator/relocate?categoryId=3972&offerKey=7deaa33beb4be92c88f1ba139b346eb5&offerListId=1749152-82E85BEC63B93229E9681192F3C8E9B0&pos=11&price=34.95&productid=1749152&sid=289670&type=offer
01-HB-ORA-TS75-UK,HUGO BOSS BOSS ORANGE WOMAN EDT-S 75ML,737052238128.0,1000+,72.0,16.75,,,0.0,1749152.0,onbuy.com,£34.97 £466.27/L,https://www.idealo.co.uk/relocator/relocate?categoryId=3972&offerKey=d68e1388e9c22f99ea52cf051c89c88c&offerListId=1749152-82E85BEC63B93229E9681192F3C8E9B0&pos=12&price=34.97&productid=1749152&sid=316895&type=offer
01-HB-ORA-TS75-UK,HUGO BOSS BOSS ORANGE WOMAN EDT-S 75ML,737052238128.0,1000+,72.0,16.75,,,0.0,1749152.0,debenhams.com,£35.00 £466.67/L,https://www.idealo.co.uk/relocator/relocate?categoryId=3972&offerKey=dfcb9924c88b4786bf14b228794669f9&offerListId=1749152-82E85BEC63B93229E9681192F3C8E9B0&pos=13&price=35.00&productid=1749152&sid=324109&type=offer
01-HB-ORA-TS75-UK,HUGO BOSS BOSS ORANGE WOMAN EDT-S 75ML,737052238128.0,1000+,72.0,16.75,,,0.0,1749152.0,Perfumeshopping.com(UK),£36.97 £492.93/L,https://www.idealo.co.uk/relocator/relocate?categoryId=3972&offerKey=21b03b9c245886b78d46827c9c0795ac&offerListId=1749152-82E85BEC63B93229E9681192F3C8E9B0&pos=14&price=36.97&productid=1749152&sid=282217&type=offer
01-HB-ORA-TS75-UK,HUGO BOSS BOSS ORANGE WOMAN EDT-S 75ML,737052238128.0,1000+,72.0,16.75,,,0.0,1749152.0,Perfumeshopping.com(UK),£36.97 £492.93/L,https://www.idealo.co.uk/relocator/relocate?categoryId=3972&offerKey=227c66ff37a3f010d634677c98aa1241&offerListId=1749152-82E85BEC63B93229E9681192F3C8E9B0&pos=15&price=36.97&productid=1749152&sid=282217&type=offer
01-HB-ORA-TS75-UK,HUGO BOSS BOSS ORANGE WOMAN EDT-S 75ML,737052238128.0,1000+,72.0,16.75,,,0.0,1749152.0,,£40.64 £541.87/L,https://www.idealo.co.uk/relocator/relocate?categoryId=3972&offerKey=2446aa31bb7cef7f08ee94575393d2dc&offerListId=1749152-82E85BEC63B93229E9681192F3C8E9B0&pos=16&price=40.64&productid=1749152&sid=307734&type=offer
01-HB-ORA-TS75-UK,HUGO BOSS BOSS ORANGE WOMAN EDT-S 75ML,737052238128.0,1000+,72.0,16.75,,,0.0,1749152.0,perfumeuk.co.uk,£41.00 £546.67/L,https://www.idealo.co.uk/relocator/relocate?categoryId=3972&offerKey=74e09973ceace1d7aea6606ddb8e04b4&offerListId=1749152-82E85BEC63B93229E9681192F3C8E9B0&pos=17&price=41.00&productid=1749152&sid=323991&type=offer
01-HB-ORA-TS75-UK,HUGO BOSS BOSS ORANGE WOMAN EDT-S 75ML,737052238128.0,1000+,72.0,16.75,,,0.0,1749152.0,Dressinn.com (UK),£41.99 £559.87/L,https://www.idealo.co.uk/relocator/relocate?categoryId=3972&offerKey=d0fd8f7b4506f9eb0fea5246b813e16f&offerListId=1749152-82E85BEC63B93229E9681192F3C8E9B0&pos=18&price=41.99&productid=1749152&sid=318629&type=offer
01-HB-ORA-TS75-UK,HUGO BOSS BOSS ORANGE WOMAN EDT-S 75ML,737052238128.0,1000+,72.0,16.75,,,0.0,1749152.0,onbuy.com,£44.00 £586.67/L,https://www.idealo.co.uk/relocator/relocate?categoryId=3972&offerKey=8d7bf42f93a6ab85280568010950c901&offerListId=1749152-82E85BEC63B93229E9681192F3C8E9B0&pos=19&price=44.00&productid=1749152&sid=316895&type=offer
01-HB-ORA-TS75-UK,HUGO BOSS BOSS ORANGE WOMAN EDT-S 75ML,737052238128.0,1000+,72.0,16.75,,,0.0,1749152.0,my-origines.com(UK),£45.29 £603.87/L,https://www.idealo.co.uk/relocator/relocate?categoryId=3972&offerKey=fed0d6eed2fee40d5242f2139cacc784&offerListId=1749152-82E85BEC63B93229E9681192F3C8E9B0&pos=20&price=45.29&productid=1749152&sid=328503&type=offer
01-HB-VIE-PS50-UK,HUGO BOSS MA VIE POUR FEMME EDP-S 50ML,737052802770.0,10,69.0,16.95,,,0.0,4397670.0,Perfumeclick.co.uk,£29.10 £582.00/L,https://www.idealo.co.uk/relocator/relocate?categoryId=3972&offerKey=97166aea7470b92a03dc2f9de0f8443f&offerListId=4397670-585CE7CF321F7DD84695B5AB7705B30C&pos=1&price=29.10&productid=4397670&sid=69736&type=offer
01-HB-VIE-PS50-UK,HUGO BOSS MA VIE POUR FEMME EDP-S 50ML,737052802770.0,10,69.0,16.95,,,0.0,4397670.0,ebay.co.uk,£30.24 £604.80/L,https://www.idealo.co.uk/relocator/relocate?categoryId=3972&offerKey=c694ecdae4ad7c080fbaa61427e3ed0c&offerListId=4397670-585CE7CF321F7DD84695B5AB7705B30C&pos=2&price=30.24&productid=4397670&sid=22818&type=offer
01-HB-VIE-PS50-UK,HUGO BOSS MA VIE POUR FEMME EDP-S 50ML,737052802770.0,10,69.0,16.95,,,0.0,4397670.0,cosmetify.com,£30.56 £611.20/L,https://www.idealo.co.uk/relocator/relocate?categoryId=3972&offerKey=4d77156d788c6c215b07245ef2d2d824&offerListId=4397670-585CE7CF321F7DD84695B5AB7705B30C&pos=3&price=30.56&productid=4397670&sid=329503&type=offer
01-HB-VIE-PS50-UK,HUGO BOSS MA VIE POUR FEMME EDP-S 50ML,737052802770.0,10,69.0,16.95,,,0.0,4397670.0,,£32.72 £654.40/L,https://www.idealo.co.uk/relocator/relocate?categoryId=3972&offerKey=611ea7f2054f4514f5daee006f1c194f&offerListId=4397670-585CE7CF321F7DD84695B5AB7705B30C&pos=4&price=32.72&productid=4397670&sid=307734&type=offer
01-HB-VIE-PS50-UK,HUGO BOSS MA VIE POUR FEMME EDP-S 50ML,737052802770.0,10,69.0,16.95,,,0.0,4397670.0,perfumedirect.com,£33.99 £679.80/L,https://www.idealo.co.uk/relocator/relocate?categoryId=3972&offerKey=1be794eb9190df065aaa6bf5d748a971&offerListId=4397670-585CE7CF321F7DD84695B5AB7705B30C&pos=5&price=33.99&productid=4397670&sid=318630&type=offer
01-HB-VIE-PS50-UK,HUGO BOSS MA VIE POUR FEMME EDP-S 50ML,737052802770.0,10,69.0,16.95,,,0.0,4397670.0,onbuy.com,£34.95 £699.00/L,https://www.idealo.co.uk/relocator/relocate?categoryId=3972&offerKey=7ecdcc2d8de11241259eae539a1b7f89&offerListId=4397670-585CE7CF321F7DD84695B5AB7705B30C&pos=6&price=34.95&productid=4397670&sid=316895&type=offer
01-HB-VIE-PS50-UK,HUGO BOSS MA VIE POUR FEMME EDP-S 50ML,737052802770.0,10,69.0,16.95,,,0.0,4397670.0,flannels.com,£36.00 £720.00/L,https://www.idealo.co.uk/relocator/relocate?categoryId=3972&offerKey=b43ab893cb413d50e7bfd1430d567244&offerListId=4397670-585CE7CF321F7DD84695B5AB7705B30C&pos=7&price=36.00&productid=4397670&sid=329528&type=offer
01-HB-VIE-PS50-UK,HUGO BOSS MA VIE POUR FEMME EDP-S 50ML,737052802770.0,10,69.0,16.95,,,0.0,4397670.0,Lookfantastic.com (UK),£38.50 £770.00/L,https://www.idealo.co.uk/relocator/relocate?categoryId=3972&offerKey=8a4d3da096a86c1a7e15a907708fd761&offerListId=4397670-585CE7CF321F7DD84695B5AB7705B30C&pos=8&price=38.50&productid=4397670&sid=24416&type=offer
01-HB-VIE-PS50-UK,HUGO BOSS MA VIE POUR FEMME EDP-S 50ML,737052802770.0,10,69.0,16.95,,,0.0,4397670.0,parfumdreams.co.uk,£38.96 £779.20/L,https://www.idealo.co.uk/relocator/relocate?categoryId=3972&offerKey=9bab4edca473c584528f07534eb40b3d&offerListId=4397670-585CE7CF321F7DD84695B5AB7705B30C&pos=9&price=38.96&productid=4397670&sid=316458&type=offer
01-HB-VIE-PS50-UK,HUGO BOSS MA VIE POUR FEMME EDP-S 50ML,737052802770.0,10,69.0,16.95,,,0.0,4397670.0,perfumeuk.co.uk,£40.00 £800.00/L,https://www.idealo.co.uk/relocator/relocate?categoryId=3972&offerKey=72d695a088a3a8554fc25369d0b56b1a&offerListId=4397670-585CE7CF321F7DD84695B5AB7705B30C&pos=10&price=40.00&productid=4397670&sid=323991&type=offer
01-HB-VIE-PS50-UK,HUGO BOSS MA VIE POUR FEMME EDP-S 50ML,737052802770.0,10,69.0,16.95,,,0.0,4397670.0,Fragrancedirect.co.uk,£40.00 £800.00/L,https://www.idealo.co.uk/relocator/relocate?categoryId=3972&offerKey=7b111b1e95a342a4374a21aa2593617f&offerListId=4397670-585CE7CF321F7DD84695B5AB7705B30C&pos=11&price=40.00&productid=4397670&sid=21971&type=offer
01-HB-VIE-PS50-UK,HUGO BOSS MA VIE POUR FEMME EDP-S 50ML,737052802770.0,10,69.0,16.95,,,0.0,4397670.0,debenhams.com,£41.00 £820.00/L,https://www.idealo.co.uk/relocator/relocate?categoryId=3972&offerKey=1e54c0d8293cf2c551da7968ad9421d3&offerListId=4397670-585CE7CF321F7DD84695B5AB7705B30C&pos=12&price=41.00&productid=4397670&sid=324109&type=offer
01-HB-VIE-PS50-UK,HUGO BOSS MA VIE POUR FEMME EDP-S 50ML,737052802770.0,10,69.0,16.95,,,0.0,4397670.0,allbeauty.com(UK),£42.95 £859.00/L,https://www.idealo.co.uk/relocator/relocate?categoryId=3972&offerKey=71ae22594a24f5edc203fba9c20b8e00&offerListId=4397670-585CE7CF321F7DD84695B5AB7705B30C&pos=13&price=42.95&productid=4397670&sid=28942&type=offer
01-HB-VIE-PS75,HUGO BOSS MA VIE POUR FEMME EDP-S 75ML,737052802800.0,570,90.0,22.5,,,0.0,4525310.0,Perfumeclick.co.uk,£34.00 £453.33/L,https://www.idealo.co.uk/relocator/relocate?categoryId=3972&offerKey=7078ff5fb4e005b823a1a6ddeea94a3c&offerListId=4525310-8F5CA31F42CE3F4CF57BD87ACAE66F42&pos=1&price=34.00&productid=4525310&sid=69736&type=offer
01-HB-VIE-PS75,HUGO BOSS MA VIE POUR FEMME EDP-S 75ML,737052802800.0,570,90.0,22.5,,,0.0,4525310.0,ebay.co.uk,£35.49 £473.20/L,https://www.idealo.co.uk/relocator/relocate?categoryId=3972&offerKey=842485aa59666b2c0efbddd32b57bc70&offerListId=4525310-8F5CA31F42CE3F4CF57BD87ACAE66F42&pos=2&price=35.49&productid=4525310&sid=22818&type=offer
01-HB-VIE-PS75,HUGO BOSS MA VIE POUR FEMME EDP-S 75ML,737052802800.0,570,90.0,22.5,,,0.0,4525310.0,onbuy.com,£35.50 £473.33/L,https://www.idealo.co.uk/relocator/relocate?categoryId=3972&offerKey=140385c09c1b6ebcac8d56a80885f3db&offerListId=4525310-8F5CA31F42CE3F4CF57BD87ACAE66F42&pos=3&price=35.50&productid=4525310&sid=316895&type=offer
01-HB-VIE-PS75,HUGO BOSS MA VIE POUR FEMME EDP-S 75ML,737052802800.0,570,90.0,22.5,,,0.0,4525310.0,cosmetify.com,£35.70 £476.00/L,https://www.idealo.co.uk/relocator/relocate?categoryId=3972&offerKey=6633426bd1c2c9b5a1a1e899690a14ba&offerListId=4525310-8F5CA31F42CE3F4CF57BD87ACAE66F42&pos=4&price=35.70&productid=4525310&sid=329503&type=offer
01-HB-VIE-PS75,HUGO BOSS MA VIE POUR FEMME EDP-S 75ML,737052802800.0,570,90.0,22.5,,,0.0,4525310.0,perfumeprice.co.uk,£35.95 £479.33/L,https://www.idealo.co.uk/relocator/relocate?categoryId=3972&offerKey=889caf28d738bd8de036a31def0fb2a0&offerListId=4525310-8F5CA31F42CE3F4CF57BD87ACAE66F42&pos=5&price=35.95&productid=4525310&sid=321700&type=offer
01-HB-VIE-PS75,HUGO BOSS MA VIE POUR FEMME EDP-S 75ML,737052802800.0,570,90.0,22.5,,,0.0,4525310.0,groupon.co.uk,£36.98 £493.07/L,https://www.idealo.co.uk/relocator/relocate?categoryId=3972&offerKey=4008cbb75b8439f784cf378910716e20&offerListId=4525310-8F5CA31F42CE3F4CF57BD87ACAE66F42&pos=6&price=36.98&productid=4525310&sid=313205&type=offer
01-HB-VIE-PS75,HUGO BOSS MA VIE POUR FEMME EDP-S 75ML,737052802800.0,570,90.0,22.5,,,0.0,4525310.0,perfumedirect.com,£36.99 £493.20/L,https://www.idealo.co.uk/relocator/relocate?categoryId=3972&offerKey=14dffd4ee8a5b2f7152d3ef90d567380&offerListId=4525310-8F5CA31F42CE3F4CF57BD87ACAE66F42&pos=7&price=36.99&productid=4525310&sid=318630&type=offer
01-HB-VIE-PS75,HUGO BOSS MA VIE POUR FEMME EDP-S 75ML,737052802800.0,570,90.0,22.5,,,0.0,4525310.0,Dressinn.com (UK),£39.49 £526.53/L,https://www.idealo.co.uk/relocator/relocate?categoryId=3972&offerKey=8e6525fde0b82f179366314676b9a0c4&offerListId=4525310-8F5CA31F42CE3F4CF57BD87ACAE66F42&pos=8&price=39.49&productid=4525310&sid=318629&type=offer
01-HB-VIE-PS75,HUGO BOSS MA VIE POUR FEMME EDP-S 75ML,737052802800.0,570,90.0,22.5,,,0.0,4525310.0,,£39.76 £530.13/L,https://www.idealo.co.uk/relocator/relocate?categoryId=3972&offerKey=66ec9205b830d4f897a693e0ed8caeba&offerListId=4525310-8F5CA31F42CE3F4CF57BD87ACAE66F42&pos=9&price=39.76&productid=4525310&sid=307734&type=offer
01-HB-VIE-PS75,HUGO BOSS MA VIE POUR FEMME EDP-S 75ML,737052802800.0,570,90.0,22.5,,,0.0,4525310.0,secretsales.com (UK),£39.99 £533.20/L,https://www.idealo.co.uk/relocator/relocate?categoryId=3972&offerKey=be6c9592a34c9c46874f87dfae2b0140&offerListId=4525310-8F5CA31F42CE3F4CF57BD87ACAE66F42&pos=10&price=39.99&productid=4525310&sid=324015&type=offer
01-HB-VIE-PS75,HUGO BOSS MA VIE POUR FEMME EDP-S 75ML,737052802800.0,570,90.0,22.5,,,0.0,4525310.0,freemans.com (UK),£42.50 £566.67/L,https://www.idealo.co.uk/relocator/relocate?categoryId=3972&offerKey=bfe95ce68c525e07033e81813201ffbe&offerListId=4525310-8F5CA31F42CE3F4CF57BD87ACAE66F42&pos=11&price=42.50&productid=4525310&sid=320471&type=offer
01-HB-VIE-PS75,HUGO BOSS MA VIE POUR FEMME EDP-S 75ML,737052802800.0,570,90.0,22.5,,,0.0,4525310.0,beautybase.com(UK),£45.00 £600.00/L,https://www.idealo.co.uk/relocator/relocate?categoryId=3972&offerKey=7e72af62635321c48f9b23dbacc7865b&offerListId=4525310-8F5CA31F42CE3F4CF57BD87ACAE66F42&pos=12&price=45.00&productid=4525310&sid=299115&type=offer
01-HB-VIE-PS75,HUGO BOSS MA VIE POUR FEMME EDP-S 75ML,737052802800.0,570,90.0,22.5,,,0.0,4525310.0,cazaar.co.uk,£47.30 £630.67/L,https://www.idealo.co.uk/relocator/relocate?categoryId=3972&offerKey=641a7102709573b0c3ca12256774fa51&offerListId=4525310-8F5CA31F42CE3F4CF57BD87ACAE66F42&pos=13&price=47.30&productid=4525310&sid=331015&type=offer
01-HB-VIE-PS75,HUGO BOSS MA VIE POUR FEMME EDP-S 75ML,737052802800.0,570,90.0,22.5,,,0.0,4525310.0,allbeauty.com(UK),£48.95 £652.67/L,https://www.idealo.co.uk/relocator/relocate?categoryId=3972&offerKey=c545f0ed162e3f72c77d3697a2bd1c07&offerListId=4525310-8F5CA31F42CE3F4CF57BD87ACAE66F42&pos=14&price=48.95&productid=4525310&sid=28942&type=offer
01-HB-VIE-PS75,HUGO BOSS MA VIE POUR FEMME EDP-S 75ML,737052802800.0,570,90.0,22.5,,,0.0,4525310.0,parfumdreams.co.uk,£49.33 £657.73/L,https://www.idealo.co.uk/relocator/relocate?categoryId=3972&offerKey=3a6acbfb63141fc67dcc4505470fbab9&offerListId=4525310-8F5CA31F42CE3F4CF57BD87ACAE66F42&pos=15&price=49.33&productid=4525310&sid=316458&type=offer
01-HB-VIE-PS75,HUGO BOSS MA VIE POUR FEMME EDP-S 75ML,737052802800.0,570,90.0,22.5,,,0.0,4525310.0,onbuy.com,£49.95 £666.00/L,https://www.idealo.co.uk/relocator/relocate?categoryId=3972&offerKey=8822d3e97ce8d7ba5a21fc2ed063cd54&offerListId=4525310-8F5CA31F42CE3F4CF57BD87ACAE66F42&pos=16&price=49.95&productid=4525310&sid=316895&type=offer
01-HB-VIE-PS75,HUGO BOSS MA VIE POUR FEMME EDP-S 75ML,737052802800.0,570,90.0,22.5,,,0.0,4525310.0,studio.co.uk,£49.99 £666.53/L,https://www.idealo.co.uk/relocator/relocate?categoryId=3972&offerKey=4ea3b66da449476dde198321240088f2&offerListId=4525310-8F5CA31F42CE3F4CF57BD87ACAE66F42&pos=17&price=49.99&productid=4525310&sid=25953&type=offer
01-HB-VIE-PS75,HUGO BOSS MA VIE POUR FEMME EDP-S 75ML,737052802800.0,570,90.0,22.5,,,0.0,4525310.0,flannels.com,£49.99 £666.53/L,https://www.idealo.co.uk/relocator/relocate?categoryId=3972&offerKey=de3d15ac50a09f507f8b51a6010f636e&offerListId=4525310-8F5CA31F42CE3F4CF57BD87ACAE66F42&pos=18&price=49.99&productid=4525310&sid=329528&type=offer
01-HB-VIE-PS75,HUGO BOSS MA VIE POUR FEMME EDP-S 75ML,737052802800.0,570,90.0,22.5,,,0.0,4525310.0,salontotal.co.uk,£52.30 £697.33/L,https://www.idealo.co.uk/relocator/relocate?categoryId=3972&offerKey=3d608d5854a902b79867bcabcb28c4e3&offerListId=4525310-8F5CA31F42CE3F4CF57BD87ACAE66F42&pos=19&price=52.30&productid=4525310&sid=324505&type=offer
01-HB-VIE-TS50,HUGO BOSS MA VIE L'EAU EDT-S 50ML,8005610714912.0,1000+,77.0,15.25,,,0.0,6470358.0,allbeauty.com(UK),£24.95 £499.00/L,https://www.idealo.co.uk/relocator/relocate?categoryId=3972&offerKey=392298a51f520a850da53ab35e95cde1&offerListId=6470358-0C23FB64DFD7A8F7AC1B20AD8620DC76&pos=1&price=24.95&productid=6470358&sid=28942&type=offer
01-HB-VIE-TS50,HUGO BOSS MA VIE L'EAU EDT-S 50ML,8005610714912.0,1000+,77.0,15.25,,,0.0,6470358.0,Clearchemist.co.uk,£25.27 £505.40/L,https://www.idealo.co.uk/relocator/relocate?categoryId=3972&offerKey=c491373229443f80d4ecc6cd51b386cc&offerListId=6470358-0C23FB64DFD7A8F7AC1B20AD8620DC76&pos=2&price=25.27&productid=6470358&sid=289670&type=offer
01-HB-VIE-TS50,HUGO BOSS MA VIE L'EAU EDT-S 50ML,8005610714912.0,1000+,77.0,15.25,,,0.0,6470358.0,Perfumeclick.co.uk,£25.85 £517.00/L,https://www.idealo.co.uk/relocator/relocate?categoryId=3972&offerKey=c3aa5d30ce6627d59cfbfecd80a880c3&offerListId=6470358-0C23FB64DFD7A8F7AC1B20AD8620DC76&pos=3&price=25.85&productid=6470358&sid=69736&type=offer
01-HB-VIE-TS50,HUGO BOSS MA VIE L'EAU EDT-S 50ML,8005610714912.0,1000+,77.0,15.25,,,0.0,6470358.0,cosmetify.com,£25.99 £519.80/L,https://www.idealo.co.uk/relocator/relocate?categoryId=3972&offerKey=ea017396e33a6170ce527991c2d939c8&offerListId=6470358-0C23FB64DFD7A8F7AC1B20AD8620DC76&pos=4&price=25.99&productid=6470358&sid=329503&type=offer
01-HB-VIE-TS50,HUGO BOSS MA VIE L'EAU EDT-S 50ML,8005610714912.0,1000+,77.0,15.25,,,0.0,6470358.0,perfumedirect.com,£25.99 £519.80/L,https://www.idealo.co.uk/relocator/relocate?categoryId=3972&offerKey=4f9a677959482ef83c12bdb22ca700d0&offerListId=6470358-0C23FB64DFD7A8F7AC1B20AD8620DC76&pos=5&price=25.99&productid=6470358&sid=318630&type=offer
01-HB-VIE-TS50,HUGO BOSS MA VIE L'EAU EDT-S 50ML,8005610714912.0,1000+,77.0,15.25,,,0.0,6470358.0,cosmetify.com,£27.14 £542.80/L,https://www.idealo.co.uk/relocator/relocate?categoryId=3972&offerKey=df6ce30c864306b1a055d005f5ac52e1&offerListId=6470358-0C23FB64DFD7A8F7AC1B20AD8620DC76&pos=6&price=27.14&productid=6470358&sid=329503&type=offer
01-HB-VIE-TS50,HUGO BOSS MA VIE L'EAU EDT-S 50ML,8005610714912.0,1000+,77.0,15.25,,,0.0,6470358.0,ebay.co.uk,£27.35 £547.00/L,https://www.idealo.co.uk/relocator/relocate?categoryId=3972&offerKey=2440f74717834ef1fd1f7d829faf6410&offerListId=6470358-0C23FB64DFD7A8F7AC1B20AD8620DC76&pos=7&price=27.35&productid=6470358&sid=22818&type=offer
01-HB-VIE-TS50,HUGO BOSS MA VIE L'EAU EDT-S 50ML,8005610714912.0,1000+,77.0,15.25,,,0.0,6470358.0,onbuy.com,£31.28 £625.60/L,https://www.idealo.co.uk/relocator/relocate?categoryId=3972&offerKey=379d07f26ce39213322ad3b4e0394bb2&offerListId=6470358-0C23FB64DFD7A8F7AC1B20AD8620DC76&pos=8&price=31.28&productid=6470358&sid=316895&type=offer
01-HB-VIE-TS50,HUGO BOSS MA VIE L'EAU EDT-S 50ML,8005610714912.0,1000+,77.0,15.25,,,0.0,6470358.0,secretsales.com (UK),£31.78 £635.60/L,https://www.idealo.co.uk/relocator/relocate?categoryId=3972&offerKey=3986458038b5bcfdca3a4fe5e22270c9&offerListId=6470358-0C23FB64DFD7A8F7AC1B20AD8620DC76&pos=9&price=31.78&productid=6470358&sid=324015&type=offer
01-HB-WOME-PS75,HUGO BOSS BOSS WOMAN EXTREME EDP-S 75ML,737052987569.0,1000+,65.0,13.95,,,0.0,4956188.0,Perfumeclick.co.uk,£23.00 £306.67/L,https://www.idealo.co.uk/relocator/relocate?categoryId=3972&offerKey=8884f200d938a41e4a2b08edb3dfaf77&offerListId=4956188-A5AA32C4538C2D6CDAF3DBF58809637D&pos=1&price=23.00&productid=4956188&sid=69736&type=offer
01-HB-WOME-PS75,HUGO BOSS BOSS WOMAN EXTREME EDP-S 75ML,737052987569.0,1000+,65.0,13.95,,,0.0,4956188.0,cosmetify.com,£24.15 £322.00/L,https://www.idealo.co.uk/relocator/relocate?categoryId=3972&offerKey=672dc73fb87305d6059db1a137be8dbc&offerListId=4956188-A5AA32C4538C2D6CDAF3DBF58809637D&pos=2&price=24.15&productid=4956188&sid=329503&type=offer
01-HB-WOME-PS75,HUGO BOSS BOSS WOMAN EXTREME EDP-S 75ML,737052987569.0,1000+,65.0,13.95,,,0.0,4956188.0,perfumedirect.com,£24.99 £333.20/L,https://www.idealo.co.uk/relocator/relocate?categoryId=3972&offerKey=5acdda430b3772bf3e9c291b4dbb7bb5&offerListId=4956188-A5AA32C4538C2D6CDAF3DBF58809637D&pos=3&price=24.99&productid=4956188&sid=318630&type=offer
01-HB-WOME-PS75,HUGO BOSS BOSS WOMAN EXTREME EDP-S 75ML,737052987569.0,1000+,65.0,13.95,,,0.0,4956188.0,beautybase.com(UK),£25.00 £333.33/L,https://www.idealo.co.uk/relocator/relocate?categoryId=3972&offerKey=13ea837a82f8ccf26ae752848c087116&offerListId=4956188-A5AA32C4538C2D6CDAF3DBF58809637D&pos=4&price=25.00&productid=4956188&sid=299115&type=offer
01-HB-WOME-PS75,HUGO BOSS BOSS WOMAN EXTREME EDP-S 75ML,737052987569.0,1000+,65.0,13.95,,,0.0,4956188.0,ebay.co.uk,£25.50 £340.00/L,https://www.idealo.co.uk/relocator/relocate?categoryId=3972&offerKey=6544c282ca19fb979e023eea0619ccf7&offerListId=4956188-A5AA32C4538C2D6CDAF3DBF58809637D&pos=5&price=25.50&productid=4956188&sid=22818&type=offer
01-HB-WOME-PS75,HUGO BOSS BOSS WOMAN EXTREME EDP-S 75ML,737052987569.0,1000+,65.0,13.95,,,0.0,4956188.0,allbeauty.com(UK),£25.95 £346.00/L,https://www.idealo.co.uk/relocator/relocate?categoryId=3972&offerKey=22686a06812601bd9dcfa5fb6dffe7e5&offerListId=4956188-A5AA32C4538C2D6CDAF3DBF58809637D&pos=6&price=25.95&productid=4956188&sid=28942&type=offer
01-HB-WOME-PS75,HUGO BOSS BOSS WOMAN EXTREME EDP-S 75ML,737052987569.0,1000+,65.0,13.95,,,0.0,4956188.0,groupon.co.uk,£25.99 £346.53/L,https://www.idealo.co.uk/relocator/relocate?categoryId=3972&offerKey=3c72d82e7cb91696b0ae78e7c255a1e1&offerListId=4956188-A5AA32C4538C2D6CDAF3DBF58809637D&pos=7&price=25.99&productid=4956188&sid=313205&type=offer
01-HB-WOME-PS75,HUGO BOSS BOSS WOMAN EXTREME EDP-S 75ML,737052987569.0,1000+,65.0,13.95,,,0.0,4956188.0,groupon.co.uk,£25.99 £346.53/L,https://www.idealo.co.uk/relocator/relocate?categoryId=3972&offerKey=9b86a3c152e543ed4c9864b19ee0c0cd&offerListId=4956188-A5AA32C4538C2D6CDAF3DBF58809637D&pos=8&price=25.99&productid=4956188&sid=313205&type=offer
01-HB-WOME-PS75,HUGO BOSS BOSS WOMAN EXTREME EDP-S 75ML,737052987569.0,1000+,65.0,13.95,,,0.0,4956188.0,onbuy.com,£27.99 £373.20/L,https://www.idealo.co.uk/relocator/relocate?categoryId=3972&offerKey=43390b8487a332d49cfd9783afc6d10d&offerListId=4956188-A5AA32C4538C2D6CDAF3DBF58809637D&pos=9&price=27.99&productid=4956188&sid=316895&type=offer
01-HB-WOME-PS75,HUGO BOSS BOSS WOMAN EXTREME EDP-S 75ML,737052987569.0,1000+,65.0,13.95,,,0.0,4956188.0,unineed.com,£29.69 £395.87/L,https://www.idealo.co.uk/relocator/relocate?categoryId=3972&offerKey=196998ebd3ef5f0e24a69fc7e307d4ee&offerListId=4956188-A5AA32C4538C2D6CDAF3DBF58809637D&pos=10&price=29.69&productid=4956188&sid=314440&type=offer
01-HB-WOME-PS75,HUGO BOSS BOSS WOMAN EXTREME EDP-S 75ML,737052987569.0,1000+,65.0,13.95,,,0.0,4956188.0,secretsales.com (UK),£30.50 £406.67/L,https://www.idealo.co.uk/relocator/relocate?categoryId=3972&offerKey=87440c817ae37bebbc982b85fdd27bec&offerListId=4956188-A5AA32C4538C2D6CDAF3DBF58809637D&pos=11&price=30.50&productid=4956188&sid=324015&type=offer
01-HB-WOME-PS75,HUGO BOSS BOSS WOMAN EXTREME EDP-S 75ML,737052987569.0,1000+,65.0,13.95,,,0.0,4956188.0,Robertdyas.co.uk,£31.99 £426.53/L,https://www.idealo.co.uk/relocator/relocate?categoryId=3972&offerKey=65fdc568bcdff033ff89979fe72eef15&offerListId=4956188-A5AA32C4538C2D6CDAF3DBF58809637D&pos=12&price=31.99&productid=4956188&sid=22151&type=offer
01-HB-WOME-PS75,HUGO BOSS BOSS WOMAN EXTREME EDP-S 75ML,737052987569.0,1000+,65.0,13.95,,,0.0,4956188.0,Directcosmetics.com(UK),£34.99 £466.53/L,https://www.idealo.co.uk/relocator/relocate?categoryId=3972&offerKey=0f4b43aee1f2c63c36ddad8c4a858972&offerListId=4956188-A5AA32C4538C2D6CDAF3DBF58809637D&pos=13&price=34.99&productid=4956188&sid=24317&type=offer
01-HB-WOME-PS75,HUGO BOSS BOSS WOMAN EXTREME EDP-S 75ML,737052987569.0,1000+,65.0,13.95,,,0.0,4956188.0,my-origines.com(UK),£58.48 £779.73/L,https://www.idealo.co.uk/relocator/relocate?categoryId=3972&offerKey=1490b2d91700e07c8e4aa161de423a66&offerListId=4956188-A5AA32C4538C2D6CDAF3DBF58809637D&pos=14&price=58.48&productid=4956188&sid=328503&type=offer
01-HB-WOME-PS75,HUGO BOSS BOSS WOMAN EXTREME EDP-S 75ML,737052987569.0,1000+,65.0,13.95,,,0.0,4956188.0,JDwilliams.co.uk,£60.00 £800.00/L,https://www.idealo.co.uk/relocator/relocate?categoryId=3972&offerKey=6737d7cb7971d035a0d67a249c8a4d4b&offerListId=4956188-A5AA32C4538C2D6CDAF3DBF58809637D&pos=15&price=60.00&productid=4956188&sid=273150&type=offer
01-HB-WOME-PS75,HUGO BOSS BOSS WOMAN EXTREME EDP-S 75ML,737052987569.0,1000+,65.0,13.95,,,0.0,4956188.0,argos.co.uk,£65.00 £866.67/L,https://www.idealo.co.uk/relocator/relocate?categoryId=3972&offerKey=0a4019215e596dc351e99b8299f2dcbe&offerListId=4956188-A5AA32C4538C2D6CDAF3DBF58809637D&pos=16&price=65.00&productid=4956188&sid=320560&type=offer
01-HB-WOME-PS75,HUGO BOSS BOSS WOMAN EXTREME EDP-S 75ML,737052987569.0,1000+,65.0,13.95,,,0.0,4956188.0,freemans.com (UK),£65.00 £866.67/L,https://www.idealo.co.uk/relocator/relocate?categoryId=3972&offerKey=374a1d03896c8c8b6541bc7a51fcfea5&offerListId=4956188-A5AA32C4538C2D6CDAF3DBF58809637D&pos=17&price=65.00&productid=4956188&sid=320471&type=offer
01-HB-WOME-PS75,HUGO BOSS BOSS WOMAN EXTREME EDP-S 75ML,737052987569.0,1000+,65.0,13.95,,,0.0,4956188.0,JDwilliams.co.uk,£65.00 £866.67/L,https://www.idealo.co.uk/relocator/relocate?categoryId=3972&offerKey=5786fdd4badbeba53d869cd741fb6a7a&offerListId=4956188-A5AA32C4538C2D6CDAF3DBF58809637D&pos=18&price=65.00&productid=4956188&sid=273150&type=offer
01-HB-WOME-PS75,HUGO BOSS BOSS WOMAN EXTREME EDP-S 75ML,737052987569.0,1000+,65.0,13.95,,,0.0,4956188.0,Pharmacy2u.co.uk,£65.00 £866.67/L,https://www.idealo.co.uk/relocator/relocate?categoryId=3972&offerKey=c5fb0ca8f90c3542efcb9e416f50ae58&offerListId=4956188-A5AA32C4538C2D6CDAF3DBF58809637D&pos=19&price=65.00&productid=4956188&sid=25468&type=offer
01-HB-WOME-PS75,HUGO BOSS BOSS WOMAN EXTREME EDP-S 75ML,737052987569.0,1000+,65.0,13.95,,,0.0,4956188.0,studio.co.uk,£65.00 £866.67/L,https://www.idealo.co.uk/relocator/relocate?categoryId=3972&offerKey=e288be464eadd010ddacd6d55d054e30&offerListId=4956188-A5AA32C4538C2D6CDAF3DBF58809637D&pos=20&price=65.00&productid=4956188&sid=25953&type=offer
01-IM-ADE-PS50-UK,ISSEY MIYAKE A DROP D'ISSEY ESSENTIELLE EDP-S 50ML,3423222090937.0,282,76.0,13.95,,,0.0,202827250.0,Perfumeclick.co.uk,£22.65 £453.00/L,https://www.idealo.co.uk/relocator/relocate?categoryId=3972&offerKey=0db8ee65e42fddc639d9463aa6f5d32d&offerListId=202827250-B924FEF85C5BC2636816FA47FCA606FE&pos=1&price=22.65&productid=202827250&sid=69736&type=offer
01-IM-ADE-PS50-UK,ISSEY MIYAKE A DROP D'ISSEY ESSENTIELLE EDP-S 50ML,3423222090937.0,282,76.0,13.95,,,0.0,202827250.0,cosmetify.com,£23.78 £475.60/L,https://www.idealo.co.uk/relocator/relocate?categoryId=3972&offerKey=c74001b029c305374ca7fa57e4becfc4&offerListId=202827250-B924FEF85C5BC2636816FA47FCA606FE&pos=2&price=23.78&productid=202827250&sid=329503&type=offer
01-IM-ADE-PS50-UK,ISSEY MIYAKE A DROP D'ISSEY ESSENTIELLE EDP-S 50ML,3423222090937.0,282,76.0,13.95,,,0.0,202827250.0,perfumedirect.com,£24.99 £499.80/L,https://www.idealo.co.uk/relocator/relocate?categoryId=3972&offerKey=447297117da252da96c38556850502cf&offerListId=202827250-B924FEF85C5BC2636816FA47FCA606FE&pos=3&price=24.99&productid=202827250&sid=318630&type=offer
01-IM-ADE-PS50-UK,ISSEY MIYAKE A DROP D'ISSEY ESSENTIELLE EDP-S 50ML,3423222090937.0,282,76.0,13.95,,,0.0,202827250.0,cosmetify.com,£29.99 £599.80/L,https://www.idealo.co.uk/relocator/relocate?categoryId=3972&offerKey=b64ecf3a7c7b0bf818ef50cd7154ad58&offerListId=202827250-B924FEF85C5BC2636816FA47FCA606FE&pos=4&price=29.99&productid=202827250&sid=329503&type=offer
01-IM-ADE-PS50-UK,ISSEY MIYAKE A DROP D'ISSEY ESSENTIELLE EDP-S 50ML,3423222090937.0,282,76.0,13.95,,,0.0,202827250.0,ebay.co.uk,£32.49 £649.80/L,https://www.idealo.co.uk/relocator/relocate?categoryId=3972&offerKey=1680cf763b3ee1448555920b116f8b23&offerListId=202827250-B924FEF85C5BC2636816FA47FCA606FE&pos=5&price=32.49&productid=202827250&sid=22818&type=offer
01-IM-ADE-PS90-UK,ISSEY MIYAKE A DROP D'ISSEY ESSENTIELLE EDP-S 90ML,3423222091019.0,262,97.0,18.95,,,0.0,202827276.0,cosmetify.com,£31.13 £345.89/L,https://www.idealo.co.uk/relocator/relocate?categoryId=3972&offerKey=27e0adb3c3e43878911a890d6054c259&offerListId=202827276-9EFB356F128F2C4EDBCEC46AC4AE31CB&pos=1&price=31.13&productid=202827276&sid=329503&type=offer
01-IM-ADE-PS90-UK,ISSEY MIYAKE A DROP D'ISSEY ESSENTIELLE EDP-S 90ML,3423222091019.0,262,97.0,18.95,,,0.0,202827276.0,perfumedirect.com,£32.99 £366.56/L,https://www.idealo.co.uk/relocator/relocate?categoryId=3972&offerKey=8c1b61798057f6488f813e3b1723ff65&offerListId=202827276-9EFB356F128F2C4EDBCEC46AC4AE31CB&pos=2&price=32.99&productid=202827276&sid=318630&type=offer
01-IM-ADE-PS90-UK,ISSEY MIYAKE A DROP D'ISSEY ESSENTIELLE EDP-S 90ML,3423222091019.0,262,97.0,18.95,,,0.0,202827276.0,ebay.co.uk,£40.79 £453.22/L,https://www.idealo.co.uk/relocator/relocate?categoryId=3972&offerKey=41437f81478ccc544bd8e8406451f056&offerListId=202827276-9EFB356F128F2C4EDBCEC46AC4AE31CB&pos=3&price=40.79&productid=202827276&sid=22818&type=offer
01-IM-ADE-PS90-UK,ISSEY MIYAKE A DROP D'ISSEY ESSENTIELLE EDP-S 90ML,3423222091019.0,262,97.0,18.95,,,0.0,202827276.0,onbuy.com,£43.49 £483.22/L,https://www.idealo.co.uk/relocator/relocate?categoryId=3972&offerKey=23fc0d1902d5f66bee04fd0d8a2ab68c&offerListId=202827276-9EFB356F128F2C4EDBCEC46AC4AE31CB&pos=4&price=43.49&productid=202827276&sid=316895&type=offer
01-IM-ADE-PS90-UK,ISSEY MIYAKE A DROP D'ISSEY ESSENTIELLE EDP-S 90ML,3423222091019.0,262,97.0,18.95,,,0.0,202827276.0,Amazon-marketplace.co.uk,£51.14 £568.22/L,https://www.idealo.co.uk/relocator/relocate?categoryId=3972&offerKey=f08a1c1da7587269f89a26aaae6dace7&offerListId=202827276-9EFB356F128F2C4EDBCEC46AC4AE31CB&pos=5&price=51.14&productid=202827276&sid=22828&type=offer
01-IM-ADE-PS90-UK,ISSEY MIYAKE A DROP D'ISSEY ESSENTIELLE EDP-S 90ML,3423222091019.0,262,97.0,18.95,,,0.0,202827276.0,cosmetify.com,£59.99 £666.56/L,https://www.idealo.co.uk/relocator/relocate?categoryId=3972&offerKey=f117a7e7e151e9dd6b57c2b9bf4ff8f7&offerListId=202827276-9EFB356F128F2C4EDBCEC46AC4AE31CB&pos=6&price=59.99&productid=202827276&sid=329503&type=offer
01-IM-ADE-PS90-UK,ISSEY MIYAKE A DROP D'ISSEY ESSENTIELLE EDP-S 90ML,3423222091019.0,262,97.0,18.95,,,0.0,202827276.0,notino.co.uk,£75.70 £841.11/L,https://www.idealo.co.uk/relocator/relocate?categoryId=3972&offerKey=accc8986f00af0e90db7c4d796a00d5b&offerListId=202827276-9EFB356F128F2C4EDBCEC46AC4AE31CB&pos=7&price=75.70&productid=202827276&sid=307734&type=offer
01-IM-AD-PS90,ISSEY MIYAKE A DROP D'ISSEY EDP-S 90ML,3423222010324.0,1000+,97.0,19.95,,,0.0,201185871.0,Amazon-marketplace.co.uk,£34.00 £377.78/L,https://www.idealo.co.uk/relocator/relocate?categoryId=3972&offerKey=36518c5e3cf367b53da2a298ce785642&offerListId=201185871-3465FC0963DEDE1FEE29C477E594433F&pos=1&price=34.00&productid=201185871&sid=22828&type=offer
01-IM-AD-PS90,ISSEY MIYAKE A DROP D'ISSEY EDP-S 90ML,3423222010324.0,1000+,97.0,19.95,,,0.0,201185871.0,Perfumeclick.co.uk,£34.00 £377.78/L,https://www.idealo.co.uk/relocator/relocate?categoryId=3972&offerKey=384b3de5a67898f14fcbb9a8552ac854&offerListId=201185871-3465FC0963DEDE1FEE29C477E594433F&pos=2&price=34.00&productid=201185871&sid=69736&type=offer
01-IM-AD-PS90,ISSEY MIYAKE A DROP D'ISSEY EDP-S 90ML,3423222010324.0,1000+,97.0,19.95,,,0.0,201185871.0,cosmetify.com,£35.70 £396.67/L,https://www.idealo.co.uk/relocator/relocate?categoryId=3972&offerKey=00c1b7863058c9c7fa0c3b5dbf1f9bb7&offerListId=201185871-3465FC0963DEDE1FEE29C477E594433F&pos=3&price=35.70&productid=201185871&sid=329503&type=offer
01-IM-AD-PS90,ISSEY MIYAKE A DROP D'ISSEY EDP-S 90ML,3423222010324.0,1000+,97.0,19.95,,,0.0,201185871.0,ebay.co.uk,£35.95 £399.44/L,https://www.idealo.co.uk/relocator/relocate?categoryId=3972&offerKey=47ec3fd906b4eab0a947f654740865be&offerListId=201185871-3465FC0963DEDE1FEE29C477E594433F&pos=4&price=35.95&productid=201185871&sid=22818&type=offer
01-IM-AD-PS90,ISSEY MIYAKE A DROP D'ISSEY EDP-S 90ML,3423222010324.0,1000+,97.0,19.95,,,0.0,201185871.0,onbuy.com,£39.96 £444.00/L,https://www.idealo.co.uk/relocator/relocate?categoryId=3972&offerKey=aa5fc7e32b54434285810f8ae0ce5522&offerListId=201185871-3465FC0963DEDE1FEE29C477E594433F&pos=5&price=39.96&productid=201185871&sid=316895&type=offer
01-IM-AD-PS90,ISSEY MIYAKE A DROP D'ISSEY EDP-S 90ML,3423222010324.0,1000+,97.0,19.95,,,0.0,201185871.0,Clearchemist.co.uk,£42.60 £473.33/L,https://www.idealo.co.uk/relocator/relocate?categoryId=3972&offerKey=2808b3ceafa4037d9996644ce1b231bf&offerListId=201185871-3465FC0963DEDE1FEE29C477E594433F&pos=6&price=42.60&productid=201185871&sid=289670&type=offer
01-IM-AD-PS90,ISSEY MIYAKE A DROP D'ISSEY EDP-S 90ML,3423222010324.0,1000+,97.0,19.95,,,0.0,201185871.0,escentual.com(UK),£43.65 £485.00/L,https://www.idealo.co.uk/relocator/relocate?categoryId=3972&offerKey=d54122e854fd4415879b979bb6433a82&offerListId=201185871-3465FC0963DEDE1FEE29C477E594433F&pos=7&price=43.65&productid=201185871&sid=21988&type=offer
01-IM-AD-PS90,ISSEY MIYAKE A DROP D'ISSEY EDP-S 90ML,3423222010324.0,1000+,97.0,19.95,,,0.0,201185871.0,my-origines.com(UK),£46.79 £519.89/L,https://www.idealo.co.uk/relocator/relocate?categoryId=3972&offerKey=492b4949cf6e21f79bbe2154a3a83bc5&offerListId=201185871-3465FC0963DEDE1FEE29C477E594433F&pos=8&price=46.79&productid=201185871&sid=328503&type=offer
01-IM-AD-PS90,ISSEY MIYAKE A DROP D'ISSEY EDP-S 90ML,3423222010324.0,1000+,97.0,19.95,,,0.0,201185871.0,secretsales.com (UK),£47.99 £533.22/L,https://www.idealo.co.uk/relocator/relocate?categoryId=3972&offerKey=2e10f4b20c1d25932449f8e0e6f3335d&offerListId=201185871-3465FC0963DEDE1FEE29C477E594433F&pos=9&price=47.99&productid=201185871&sid=324015&type=offer
01-IM-AD-PS90,ISSEY MIYAKE A DROP D'ISSEY EDP-S 90ML,3423222010324.0,1000+,97.0,19.95,,,0.0,201185871.0,perfumedirect.com,£47.99 £533.22/L,https://www.idealo.co.uk/relocator/relocate?categoryId=3972&offerKey=f0dd3a8da9743094bd44192c497c7eef&offerListId=201185871-3465FC0963DEDE1FEE29C477E594433F&pos=10&price=47.99&productid=201185871&sid=318630&type=offer
01-IM-AD-PS90,ISSEY MIYAKE A DROP D'ISSEY EDP-S 90ML,3423222010324.0,1000+,97.0,19.95,,,0.0,201185871.0,flannels.com,£50.00 £555.56/L,https://www.idealo.co.uk/relocator/relocate?categoryId=3972&offerKey=500d5130e8b0810627b1bdbc3a65e101&offerListId=201185871-3465FC0963DEDE1FEE29C477E594433F&pos=11&price=50.00&productid=201185871&sid=329528&type=offer
01-IM-AD-PS90,ISSEY MIYAKE A DROP D'ISSEY EDP-S 90ML,3423222010324.0,1000+,97.0,19.95,,,0.0,201185871.0,perfumeprice.co.uk,£50.95 £566.11/L,https://www.idealo.co.uk/relocator/relocate?categoryId=3972&offerKey=dc670b678f91fda4a7af8d87b87c1eb3&offerListId=201185871-3465FC0963DEDE1FEE29C477E594433F&pos=12&price=50.95&productid=201185871&sid=321700&type=offer
01-IM-AD-PS90,ISSEY MIYAKE A DROP D'ISSEY EDP-S 90ML,3423222010324.0,1000+,97.0,19.95,,,0.0,201185871.0,sephora.co.uk,£58.20 £646.67/L,https://www.idealo.co.uk/relocator/relocate?categoryId=3972&offerKey=6fe2d819a1b6f5f196179b26b6c29822&offerListId=201185871-3465FC0963DEDE1FEE29C477E594433F&pos=13&price=58.20&productid=201185871&sid=27998&type=offer
01-IM-AD-PS90,ISSEY MIYAKE A DROP D'ISSEY EDP-S 90ML,3423222010324.0,1000+,97.0,19.95,,,0.0,201185871.0,notino.co.uk,£58.30 £647.78/L,https://www.idealo.co.uk/relocator/relocate?categoryId=3972&offerKey=91b9d0a1dfa1ecb08f46f55a1a9030f6&offerListId=201185871-3465FC0963DEDE1FEE29C477E594433F&pos=14&price=58.30&productid=201185871&sid=307734&type=offer
01-IM-AD-PS90,ISSEY MIYAKE A DROP D'ISSEY EDP-S 90ML,3423222010324.0,1000+,97.0,19.95,,,0.0,201185871.0,Dressinn.com (UK),£61.49 £683.22/L,https://www.idealo.co.uk/relocator/relocate?categoryId=3972&offerKey=6f68803adf55a7602bc0a3cf265efe52&offerListId=201185871-3465FC0963DEDE1FEE29C477E594433F&pos=15&price=61.49&productid=201185871&sid=318629&type=offer
01-IM-AD-PS90,ISSEY MIYAKE A DROP D'ISSEY EDP-S 90ML,3423222010324.0,1000+,97.0,19.95,,,0.0,201185871.0,Tjhughes.co.uk,£64.00 £711.11/L,https://www.idealo.co.uk/relocator/relocate?categoryId=3972&offerKey=c53a0e6649381696e2639353a151d047&offerListId=201185871-3465FC0963DEDE1FEE29C477E594433F&pos=16&price=64.00&productid=201185871&sid=28759&type=offer
01-IM-AD-PS90,ISSEY MIYAKE A DROP D'ISSEY EDP-S 90ML,3423222010324.0,1000+,97.0,19.95,,,0.0,201185871.0,debenhams.com,£77.60 £862.22/L,https://www.idealo.co.uk/relocator/relocate?categoryId=3972&offerKey=1f5f7e5467badfbf0e86d1c9023d8f0b&offerListId=201185871-3465FC0963DEDE1FEE29C477E594433F&pos=17&price=77.60&productid=201185871&sid=324109&type=offer
01-IM-AD-PS90,ISSEY MIYAKE A DROP D'ISSEY EDP-S 90ML,3423222010324.0,1000+,97.0,19.95,,,0.0,201185871.0,Lookfantastic.com (UK),£79.00 £877.78/L,https://www.idealo.co.uk/relocator/relocate?categoryId=3972&offerKey=1d883033cb151529722000a0a508bfc7&offerListId=201185871-3465FC0963DEDE1FEE29C477E594433F&pos=18&price=79.00&productid=201185871&sid=24416&type=offer
01-IM-AD-PS90,ISSEY MIYAKE A DROP D'ISSEY EDP-S 90ML,3423222010324.0,1000+,97.0,19.95,,,0.0,201185871.0,perfumeuk.co.uk,£79.00 £877.78/L,https://www.idealo.co.uk/relocator/relocate?categoryId=3972&offerKey=044fb9cb86d20a8ce021d95a55002164&offerListId=201185871-3465FC0963DEDE1FEE29C477E594433F&pos=19&price=79.00&productid=201185871&sid=323991&type=offer
01-IM-AD-PS90,ISSEY MIYAKE A DROP D'ISSEY EDP-S 90ML,3423222010324.0,1000+,97.0,19.95,,,0.0,201185871.0,unineed.com,£81.99 £911.00/L,https://www.idealo.co.uk/relocator/relocate?categoryId=3972&offerKey=38440abecdacb83777be2d1e2b7f378a&offerListId=201185871-3465FC0963DEDE1FEE29C477E594433F&pos=20&price=81.99&productid=201185871&sid=314440&type=offer
01-IM-FEM-DEO50,ISSEY MIYAKE L'EAU D'ISSEY ROLL ON DEODORANT 50ML,3423470481129.0,797,29.0,9.5,,,0.0,2176213.0,Perfumeclick.co.uk,£16.75 £335.00/L,https://www.idealo.co.uk/relocator/relocate?categoryId=18454&offerKey=bafcfea7e9546067d18f3364114b54fb&offerListId=2176213-4CC8C9EE554854ECE217D7A1EDEF758B&pos=1&price=16.75&productid=2176213&sid=69736&type=offer
01-IM-FEM-DEO50,ISSEY MIYAKE L'EAU D'ISSEY ROLL ON DEODORANT 50ML,3423470481129.0,797,29.0,9.5,,,0.0,2176213.0,cazaar.co.uk,£16.82 £336.40/L,https://www.idealo.co.uk/relocator/relocate?categoryId=18454&offerKey=a1c7e4d90d1e9f8048d167df18cdb857&offerListId=2176213-4CC8C9EE554854ECE217D7A1EDEF758B&pos=2&price=16.82&productid=2176213&sid=331015&type=offer
01-IM-FEM-DEO50,ISSEY MIYAKE L'EAU D'ISSEY ROLL ON DEODORANT 50ML,3423470481129.0,797,29.0,9.5,,,0.0,2176213.0,Amazon-marketplace.co.uk,£17.48 £349.60/L,https://www.idealo.co.uk/relocator/relocate?categoryId=18454&offerKey=ec8356844e72deee68dce48a80bb0119&offerListId=2176213-4CC8C9EE554854ECE217D7A1EDEF758B&pos=3&price=17.48&productid=2176213&sid=22828&type=offer
01-IM-FEM-DEO50,ISSEY MIYAKE L'EAU D'ISSEY ROLL ON DEODORANT 50ML,3423470481129.0,797,29.0,9.5,,,0.0,2176213.0,cosmetify.com,£17.59 £351.80/L,https://www.idealo.co.uk/relocator/relocate?categoryId=18454&offerKey=7e9462623e4bf647d0c55dc517166f64&offerListId=2176213-4CC8C9EE554854ECE217D7A1EDEF758B&pos=4&price=17.59&productid=2176213&sid=329503&type=offer
01-IM-FEM-DEO50,ISSEY MIYAKE L'EAU D'ISSEY ROLL ON DEODORANT 50ML,3423470481129.0,797,29.0,9.5,,,0.0,2176213.0,notino.co.uk,£19.00 £380.00/L,https://www.idealo.co.uk/relocator/relocate?categoryId=18454&offerKey=06023672c846a6d570bf3eee6dcf98c6&offerListId=2176213-4CC8C9EE554854ECE217D7A1EDEF758B&pos=5&price=19.00&productid=2176213&sid=307734&type=offer
01-IM-FEM-DEO50,ISSEY MIYAKE L'EAU D'ISSEY ROLL ON DEODORANT 50ML,3423470481129.0,797,29.0,9.5,,,0.0,2176213.0,ebay.co.uk,£19.88 £397.60/L,https://www.idealo.co.uk/relocator/relocate?categoryId=18454&offerKey=bb26186205153f5952804f334bd344b0&offerListId=2176213-4CC8C9EE554854ECE217D7A1EDEF758B&pos=6&price=19.88&productid=2176213&sid=22818&type=offer
01-IM-FEM-DEO50,ISSEY MIYAKE L'EAU D'ISSEY ROLL ON DEODORANT 50ML,3423470481129.0,797,29.0,9.5,,,0.0,2176213.0,onbuy.com,£19.95 £399.00/L,https://www.idealo.co.uk/relocator/relocate?categoryId=18454&offerKey=cb55083294727ae9f0369773e74e93a5&offerListId=2176213-4CC8C9EE554854ECE217D7A1EDEF758B&pos=7&price=19.95&productid=2176213&sid=316895&type=offer
01-IM-FEM-DEO50,ISSEY MIYAKE L'EAU D'ISSEY ROLL ON DEODORANT 50ML,3423470481129.0,797,29.0,9.5,,,0.0,2176213.0,Dressinn.com (UK),£20.99 £419.80/L,https://www.idealo.co.uk/relocator/relocate?categoryId=18454&offerKey=35b91bca6192a7f9ae9685e88eea35f7&offerListId=2176213-4CC8C9EE554854ECE217D7A1EDEF758B&pos=8&price=20.99&productid=2176213&sid=318629&type=offer
01-IM-FEM-DEO50,ISSEY MIYAKE L'EAU D'ISSEY ROLL ON DEODORANT 50ML,3423470481129.0,797,29.0,9.5,,,0.0,2176213.0,Fragrancedirect.co.uk,£26.10 £522.00/L,https://www.idealo.co.uk/relocator/relocate?categoryId=18454&offerKey=4bc0ddbad63b89d8d5e7818093943efa&offerListId=2176213-4CC8C9EE554854ECE217D7A1EDEF758B&pos=9&price=26.10&productid=2176213&sid=21971&type=offer
01-IM-FEM-DEO50,ISSEY MIYAKE L'EAU D'ISSEY ROLL ON DEODORANT 50ML,3423470481129.0,797,29.0,9.5,,,0.0,2176213.0,Lookfantastic.com (UK),£29.00 £580.00/L,https://www.idealo.co.uk/relocator/relocate?categoryId=18454&offerKey=61902203a65384eaba2a011a76467402&offerListId=2176213-4CC8C9EE554854ECE217D7A1EDEF758B&pos=10&price=29.00&productid=2176213&sid=24416&type=offer
01-IM-FEMS-TS100,ISSEY MIYAKE L'EAU D'ISSEY SHADES OF KOLAM EDT-S 100ML,3423478974357.0,86,44.0,15.95,,,0.0,200198648.0,ebay.co.uk,£29.04 £290.40/L,https://www.idealo.co.uk/relocator/relocate?categoryId=3972&offerKey=5e6daf1847bcc560964b39b9b54ab601&offerListId=200198648-C3945AA8E23E394D25FAA7DE08D0A0CA&pos=1&price=29.04&productid=200198648&sid=22818&type=offer
01-IM-FEMS-TS100,ISSEY MIYAKE L'EAU D'ISSEY SHADES OF KOLAM EDT-S 100ML,3423478974357.0,86,44.0,15.95,,,0.0,200198648.0,secretsales.com (UK),£33.01 £330.10/L,https://www.idealo.co.uk/relocator/relocate?categoryId=3972&offerKey=19cefb902b169d61bb6585cce442d9f0&offerListId=200198648-C3945AA8E23E394D25FAA7DE08D0A0CA&pos=2&price=33.01&productid=200198648&sid=324015&type=offer
01-IM-FEMS-TS100,ISSEY MIYAKE L'EAU D'ISSEY SHADES OF KOLAM EDT-S 100ML,3423478974357.0,86,44.0,15.95,,,0.0,200198648.0,Amazon-marketplace.co.uk,£33.07 £330.70/L,https://www.idealo.co.uk/relocator/relocate?categoryId=3972&offerKey=5bb9b33569a46a07f4649af6e18b7666&offerListId=200198648-C3945AA8E23E394D25FAA7DE08D0A0CA&pos=3&price=33.07&productid=200198648&sid=22828&type=offer
01-IM-FEMS-TS100,ISSEY MIYAKE L'EAU D'ISSEY SHADES OF KOLAM EDT-S 100ML,3423478974357.0,86,44.0,15.95,,,0.0,200198648.0,cosmetify.com,£35.39 £353.90/L,https://www.idealo.co.uk/relocator/relocate?categoryId=3972&offerKey=f60b251861687b10c207a616f250605b&offerListId=200198648-C3945AA8E23E394D25FAA7DE08D0A0CA&pos=4&price=35.39&productid=200198648&sid=329503&type=offer
01-IM-FEMS-TS100,ISSEY MIYAKE L'EAU D'ISSEY SHADES OF KOLAM EDT-S 100ML,3423478974357.0,86,44.0,15.95,,,0.0,200198648.0,Tjhughes.co.uk,£36.00 £360.00/L,https://www.idealo.co.uk/relocator/relocate?categoryId=3972&offerKey=5f3568df4190082181c32983c1d57316&offerListId=200198648-C3945AA8E23E394D25FAA7DE08D0A0CA&pos=5&price=36.00&productid=200198648&sid=28759&type=offer
01-IM-FEMS-TS100,ISSEY MIYAKE L'EAU D'ISSEY SHADES OF KOLAM EDT-S 100ML,3423478974357.0,86,44.0,15.95,,,0.0,200198648.0,unineed.com,£37.99 £379.90/L,https://www.idealo.co.uk/relocator/relocate?categoryId=3972&offerKey=3d5dea151633714eb89e7ba89119ba26&offerListId=200198648-C3945AA8E23E394D25FAA7DE08D0A0CA&pos=6&price=37.99&productid=200198648&sid=314440&type=offer
01-IM-FEMS-TS100,ISSEY MIYAKE L'EAU D'ISSEY SHADES OF KOLAM EDT-S 100ML,3423478974357.0,86,44.0,15.95,,,0.0,200198648.0,onbuy.com,£38.50 £385.00/L,https://www.idealo.co.uk/relocator/relocate?categoryId=3972&offerKey=785d87c769b930d6b1fb1dbc2cd5b073&offerListId=200198648-C3945AA8E23E394D25FAA7DE08D0A0CA&pos=7&price=38.50&productid=200198648&sid=316895&type=offer
01-IM-FEMS-TS100,ISSEY MIYAKE L'EAU D'ISSEY SHADES OF KOLAM EDT-S 100ML,3423478974357.0,86,44.0,15.95,,,0.0,200198648.0,Directcosmetics.com(UK),£38.50 £385.00/L,https://www.idealo.co.uk/relocator/relocate?categoryId=3972&offerKey=9d423a937f970bc8daaaa4352d73a792&offerListId=200198648-C3945AA8E23E394D25FAA7DE08D0A0CA&pos=8&price=38.50&productid=200198648&sid=24317&type=offer
01-IM-FEM-TS100-UK,ISSEY MIYAKE L'EAU D'ISSEY POUR FEMME EDT-S 100ML,3423470300161.0,993,98.0,28.95,,,0.0,591413.0,Amazon-marketplace.co.uk,£42.57 £425.70/L,https://www.idealo.co.uk/relocator/relocate?categoryId=3972&offerKey=d93364c0335d3aba5a58b31d6e2d42cc&offerListId=591413-677AA8BE7682B853EDC46FEDA3BCC3B2&pos=1&price=42.57&productid=591413&sid=22828&type=offer
01-IM-FEM-TS100-UK,ISSEY MIYAKE L'EAU D'ISSEY POUR FEMME EDT-S 100ML,3423470300161.0,993,98.0,28.95,,,0.0,591413.0,ebay.co.uk,£43.95 £439.50/L,https://www.idealo.co.uk/relocator/relocate?categoryId=3972&offerKey=6587f29defe87172e7713a74e716d587&offerListId=591413-677AA8BE7682B853EDC46FEDA3BCC3B2&pos=2&price=43.95&productid=591413&sid=22818&type=offer
01-IM-FEM-TS100-UK,ISSEY MIYAKE L'EAU D'ISSEY POUR FEMME EDT-S 100ML,3423470300161.0,993,98.0,28.95,,,0.0,591413.0,perfumeprice.co.uk,£43.95 £439.50/L,https://www.idealo.co.uk/relocator/relocate?categoryId=3972&offerKey=e1923ad2516b3002c45252f1909deb30&offerListId=591413-677AA8BE7682B853EDC46FEDA3BCC3B2&pos=3&price=43.95&productid=591413&sid=321700&type=offer
01-IM-FEM-TS100-UK,ISSEY MIYAKE L'EAU D'ISSEY POUR FEMME EDT-S 100ML,3423470300161.0,993,98.0,28.95,,,0.0,591413.0,Perfumeclick.co.uk,£44.55 £445.50/L,https://www.idealo.co.uk/relocator/relocate?categoryId=3972&offerKey=dbeff5103fe9e7d84162b4feabb75a91&offerListId=591413-677AA8BE7682B853EDC46FEDA3BCC3B2&pos=4&price=44.55&productid=591413&sid=69736&type=offer
01-IM-FEM-TS100-UK,ISSEY MIYAKE L'EAU D'ISSEY POUR FEMME EDT-S 100ML,3423470300161.0,993,98.0,28.95,,,0.0,591413.0,Clearchemist.co.uk,£46.60 £466.00/L,https://www.idealo.co.uk/relocator/relocate?categoryId=3972&offerKey=4d2a6173b97897056cabb92f489d101d&offerListId=591413-677AA8BE7682B853EDC46FEDA3BCC3B2&pos=5&price=46.60&productid=591413&sid=289670&type=offer
01-IM-FEM-TS100-UK,ISSEY MIYAKE L'EAU D'ISSEY POUR FEMME EDT-S 100ML,3423470300161.0,993,98.0,28.95,,,0.0,591413.0,cosmetify.com,£46.78 £467.80/L,https://www.idealo.co.uk/relocator/relocate?categoryId=3972&offerKey=1934fbf384f5a4f49d6cfa0dff9a41f3&offerListId=591413-677AA8BE7682B853EDC46FEDA3BCC3B2&pos=6&price=46.78&productid=591413&sid=329503&type=offer
01-IM-FEM-TS100-UK,ISSEY MIYAKE L'EAU D'ISSEY POUR FEMME EDT-S 100ML,3423470300161.0,993,98.0,28.95,,,0.0,591413.0,Dressinn.com (UK),£49.99 £499.90/L,https://www.idealo.co.uk/relocator/relocate?categoryId=3972&offerKey=f3d7c59128175fde41ca11cffac2042b&offerListId=591413-677AA8BE7682B853EDC46FEDA3BCC3B2&pos=7&price=49.99&productid=591413&sid=318629&type=offer
01-IM-FEM-TS100-UK,ISSEY MIYAKE L'EAU D'ISSEY POUR FEMME EDT-S 100ML,3423470300161.0,993,98.0,28.95,,,0.0,591413.0,onbuy.com,£50.52 £505.20/L,https://www.idealo.co.uk/relocator/relocate?categoryId=3972&offerKey=176bc7e1c5a31aec49faa5027c6089c1&offerListId=591413-677AA8BE7682B853EDC46FEDA3BCC3B2&pos=8&price=50.52&productid=591413&sid=316895&type=offer
01-IM-FEM-TS100-UK,ISSEY MIYAKE L'EAU D'ISSEY POUR FEMME EDT-S 100ML,3423470300161.0,993,98.0,28.95,,,0.0,591413.0,bodycareonline.co.uk,£52.99 £529.90/L,https://www.idealo.co.uk/relocator/relocate?categoryId=3972&offerKey=ab25fb123dcb1418c11d36db39562a6d&offerListId=591413-677AA8BE7682B853EDC46FEDA3BCC3B2&pos=9&price=52.99&productid=591413&sid=332851&type=offer
01-IM-FEM-TS100-UK,ISSEY MIYAKE L'EAU D'ISSEY POUR FEMME EDT-S 100ML,3423470300161.0,993,98.0,28.95,,,0.0,591413.0,secretsales.com (UK),£55.20 £552.00/L,https://www.idealo.co.uk/relocator/relocate?categoryId=3972&offerKey=492ba22461ca1f80c98bc751b3936bb7&offerListId=591413-677AA8BE7682B853EDC46FEDA3BCC3B2&pos=10&price=55.20&productid=591413&sid=324015&type=offer
01-IM-FEM-TS100-UK,ISSEY MIYAKE L'EAU D'ISSEY POUR FEMME EDT-S 100ML,3423470300161.0,993,98.0,28.95,,,0.0,591413.0,perfumedirect.com,£56.99 £569.90/L,https://www.idealo.co.uk/relocator/relocate?categoryId=3972&offerKey=17a92a9051a650a0e289a307222099c7&offerListId=591413-677AA8BE7682B853EDC46FEDA3BCC3B2&pos=11&price=56.99&productid=591413&sid=318630&type=offer
01-IM-FEM-TS100-UK,ISSEY MIYAKE L'EAU D'ISSEY POUR FEMME EDT-S 100ML,3423470300161.0,993,98.0,28.95,,,0.0,591413.0,beautybase.com(UK),£59.95 £599.50/L,https://www.idealo.co.uk/relocator/relocate?categoryId=3972&offerKey=ddc8cf457219b5f93105f601c098455b&offerListId=591413-677AA8BE7682B853EDC46FEDA3BCC3B2&pos=12&price=59.95&productid=591413&sid=299115&type=offer
01-IM-FEM-TS100-UK,ISSEY MIYAKE L'EAU D'ISSEY POUR FEMME EDT-S 100ML,3423470300161.0,993,98.0,28.95,,,0.0,591413.0,unineed.com,£69.99 £699.90/L,https://www.idealo.co.uk/relocator/relocate?categoryId=3972&offerKey=983adc653890c28e451567f2612bd52d&offerListId=591413-677AA8BE7682B853EDC46FEDA3BCC3B2&pos=13&price=69.99&productid=591413&sid=314440&type=offer
01-IM-FEM-TS100-UK,ISSEY MIYAKE L'EAU D'ISSEY POUR FEMME EDT-S 100ML,3423470300161.0,993,98.0,28.95,,,0.0,591413.0,notino.co.uk,£70.80 £708.00/L,https://www.idealo.co.uk/relocator/relocate?categoryId=3972&offerKey=28a476a3a0673ce793bf68438662d776&offerListId=591413-677AA8BE7682B853EDC46FEDA3BCC3B2&pos=14&price=70.80&productid=591413&sid=307734&type=offer
01-IM-FEM-TS100-UK,ISSEY MIYAKE L'EAU D'ISSEY POUR FEMME EDT-S 100ML,3423470300161.0,993,98.0,28.95,,,0.0,591413.0,parfumdreams.co.uk,£70.80 £708.00/L,https://www.idealo.co.uk/relocator/relocate?categoryId=3972&offerKey=27cbb90b65053d2e1d3a273bd81942df&offerListId=591413-677AA8BE7682B853EDC46FEDA3BCC3B2&pos=15&price=70.80&productid=591413&sid=316458&type=offer
01-IM-FEM-TS100-UK,ISSEY MIYAKE L'EAU D'ISSEY POUR FEMME EDT-S 100ML,3423470300161.0,993,98.0,28.95,,,0.0,591413.0,onbuy.com,£74.95 £749.50/L,https://www.idealo.co.uk/relocator/relocate?categoryId=3972&offerKey=96155e4428dbdc331cb61c81a5809943&offerListId=591413-677AA8BE7682B853EDC46FEDA3BCC3B2&pos=16&price=74.95&productid=591413&sid=316895&type=offer
01-IM-FEM-TS100-UK,ISSEY MIYAKE L'EAU D'ISSEY POUR FEMME EDT-S 100ML,3423470300161.0,993,98.0,28.95,,,0.0,591413.0,Expresschemist.co.uk,£74.99 £749.90/L,https://www.idealo.co.uk/relocator/relocate?categoryId=3972&offerKey=c2d3d99c82941fd2a1b2b2e3543d4ea9&offerListId=591413-677AA8BE7682B853EDC46FEDA3BCC3B2&pos=17&price=74.99&productid=591413&sid=22167&type=offer
01-IM-FEM-TS100-UK,ISSEY MIYAKE L'EAU D'ISSEY POUR FEMME EDT-S 100ML,3423470300161.0,993,98.0,28.95,,,0.0,591413.0,onbuy.com,£76.11 £761.10/L,https://www.idealo.co.uk/relocator/relocate?categoryId=3972&offerKey=855ef44152fd2d8a1a522353f02f0f87&offerListId=591413-677AA8BE7682B853EDC46FEDA3BCC3B2&pos=18&price=76.11&productid=591413&sid=316895&type=offer
01-IM-FEM-TS100-UK,ISSEY MIYAKE L'EAU D'ISSEY POUR FEMME EDT-S 100ML,3423470300161.0,993,98.0,28.95,,,0.0,591413.0,amazon.co.uk,£81.92 £819.20/L,https://www.idealo.co.uk/relocator/relocate?categoryId=3972&offerKey=3902ed65ce73dac7dc490ea451213e48&offerListId=591413-677AA8BE7682B853EDC46FEDA3BCC3B2&pos=19&price=81.92&productid=591413&sid=12004&type=offer
01-IM-FEM-TS100-UK,ISSEY MIYAKE L'EAU D'ISSEY POUR FEMME EDT-S 100ML,3423470300161.0,993,98.0,28.95,,,0.0,591413.0,salontotal.co.uk,£82.80 £828.00/L,https://www.idealo.co.uk/relocator/relocate?categoryId=3972&offerKey=407c1a1c5a91ad977b48eb1f9e1599a7&offerListId=591413-677AA8BE7682B853EDC46FEDA3BCC3B2&pos=20&price=82.80&productid=591413&sid=324505&type=offer
01-IM-FEM-TS25,ISSEY MIYAKE L'EAU D'ISSEY POUR FEMME EDT-S 25ML,3423470480986.0,1000+,49.0,12.5,,,0.0,335227.0,Scentsationalperfumes.com,£19.95 £798.00/L,https://www.idealo.co.uk/relocator/relocate?categoryId=3972&offerKey=024d83026e737249f178b68659ec9df8&offerListId=335227-453CE0EEC3A530FAD30F6E0666D8193D&pos=1&price=19.95&productid=335227&sid=282041&type=offer
01-IM-FEM-TS25,ISSEY MIYAKE L'EAU D'ISSEY POUR FEMME EDT-S 25ML,3423470480986.0,1000+,49.0,12.5,,,0.0,335227.0,Amazon-marketplace.co.uk,£20.76 £830.40/L,https://www.idealo.co.uk/relocator/relocate?categoryId=3972&offerKey=3a53a945d189834fe3d8f50fe77ed9f8&offerListId=335227-453CE0EEC3A530FAD30F6E0666D8193D&pos=2&price=20.76&productid=335227&sid=22828&type=offer
01-IM-FEM-TS25,ISSEY MIYAKE L'EAU D'ISSEY POUR FEMME EDT-S 25ML,3423470480986.0,1000+,49.0,12.5,,,0.0,335227.0,Perfumeclick.co.uk,£20.90 £836.00/L,https://www.idealo.co.uk/relocator/relocate?categoryId=3972&offerKey=f9c62d4e83e06fbb14c91a75d370bbaa&offerListId=335227-453CE0EEC3A530FAD30F6E0666D8193D&pos=3&price=20.90&productid=335227&sid=69736&type=offer
01-IM-FEM-TS25,ISSEY MIYAKE L'EAU D'ISSEY POUR FEMME EDT-S 25ML,3423470480986.0,1000+,49.0,12.5,,,0.0,335227.0,cosmetify.com,£20.95 £838.00/L,https://www.idealo.co.uk/relocator/relocate?categoryId=3972&offerKey=c6efe2f18462ecd3c89b14869b67855e&offerListId=335227-453CE0EEC3A530FAD30F6E0666D8193D&pos=4&price=20.95&productid=335227&sid=329503&type=offer
01-IM-FEM-TS25,ISSEY MIYAKE L'EAU D'ISSEY POUR FEMME EDT-S 25ML,3423470480986.0,1000+,49.0,12.5,,,0.0,335227.0,Dressinn.com (UK),£21.99 £879.60/L,https://www.idealo.co.uk/relocator/relocate?categoryId=3972&offerKey=74f8a63c244f22dfbf0b44437964c3a4&offerListId=335227-453CE0EEC3A530FAD30F6E0666D8193D&pos=5&price=21.99&productid=335227&sid=318629&type=offer
01-IM-FEM-TS25,ISSEY MIYAKE L'EAU D'ISSEY POUR FEMME EDT-S 25ML,3423470480986.0,1000+,49.0,12.5,,,0.0,335227.0,onbuy.com,£23.50 £940.00/L,https://www.idealo.co.uk/relocator/relocate?categoryId=3972&offerKey=d6f7397357db4ce1b105dfd3cc55fe48&offerListId=335227-453CE0EEC3A530FAD30F6E0666D8193D&pos=6&price=23.50&productid=335227&sid=316895&type=offer
01-IM-FEM-TS25,ISSEY MIYAKE L'EAU D'ISSEY POUR FEMME EDT-S 25ML,3423470480986.0,1000+,49.0,12.5,,,0.0,335227.0,secretsales.com (UK),£23.53 £941.20/L,https://www.idealo.co.uk/relocator/relocate?categoryId=3972&offerKey=750dc498d016918664e829ddfb34672d&offerListId=335227-453CE0EEC3A530FAD30F6E0666D8193D&pos=7&price=23.53&productid=335227&sid=324015&type=offer
01-IM-FEM-TS25,ISSEY MIYAKE L'EAU D'ISSEY POUR FEMME EDT-S 25ML,3423470480986.0,1000+,49.0,12.5,,,0.0,335227.0,ebay.co.uk,£23.99 £959.60/L,https://www.idealo.co.uk/relocator/relocate?categoryId=3972&offerKey=3dea8ae9c55609e3a46e6d269d2d35c6&offerListId=335227-453CE0EEC3A530FAD30F6E0666D8193D&pos=8&price=23.99&productid=335227&sid=22818&type=offer
01-IM-FEM-TS50-D,ISSEY MIYAKE L'EAU D'ISSEY POUR FEMME EDT-S 50ML,3423470300154.0,334,72.0,17.95,,,0.0,591410.0,Amazon-marketplace.co.uk,£24.91 £498.20/L,https://www.idealo.co.uk/relocator/relocate?categoryId=3972&offerKey=36982228775cd9f3390cdcc45908e066&offerListId=591410-B41379B53F75E6CF337DE7019FE620E0&pos=1&price=24.91&productid=591410&sid=22828&type=offer
01-IM-FEM-TS50-D,ISSEY MIYAKE L'EAU D'ISSEY POUR FEMME EDT-S 50ML,3423470300154.0,334,72.0,17.95,,,0.0,591410.0,ebay.co.uk,£29.99 £599.80/L,https://www.idealo.co.uk/relocator/relocate?categoryId=3972&offerKey=ab7271b47653620b2fbe3c3b6ef73954&offerListId=591410-B41379B53F75E6CF337DE7019FE620E0&pos=2&price=29.99&productid=591410&sid=22818&type=offer
01-IM-FEM-TS50-D,ISSEY MIYAKE L'EAU D'ISSEY POUR FEMME EDT-S 50ML,3423470300154.0,334,72.0,17.95,,,0.0,591410.0,Perfumeclick.co.uk,£30.00 £600.00/L,https://www.idealo.co.uk/relocator/relocate?categoryId=3972&offerKey=466506935a946820233f0d082564289d&offerListId=591410-B41379B53F75E6CF337DE7019FE620E0&pos=3&price=30.00&productid=591410&sid=69736&type=offer
01-IM-FEM-TS50-D,ISSEY MIYAKE L'EAU D'ISSEY POUR FEMME EDT-S 50ML,3423470300154.0,334,72.0,17.95,,,0.0,591410.0,cosmetify.com,£31.50 £630.00/L,https://www.idealo.co.uk/relocator/relocate?categoryId=3972&offerKey=5be322fa0d44b2526db0a9c129e176db&offerListId=591410-B41379B53F75E6CF337DE7019FE620E0&pos=4&price=31.50&productid=591410&sid=329503&type=offer
01-IM-FEM-TS50-D,ISSEY MIYAKE L'EAU D'ISSEY POUR FEMME EDT-S 50ML,3423470300154.0,334,72.0,17.95,,,0.0,591410.0,Dressinn.com (UK),£32.99 £659.80/L,https://www.idealo.co.uk/relocator/relocate?categoryId=3972&offerKey=7a03552d8014921184a6ea46efe1f853&offerListId=591410-B41379B53F75E6CF337DE7019FE620E0&pos=5&price=32.99&productid=591410&sid=318629&type=offer
01-IM-FEM-TS50-D,ISSEY MIYAKE L'EAU D'ISSEY POUR FEMME EDT-S 50ML,3423470300154.0,334,72.0,17.95,,,0.0,591410.0,groupon.co.uk,£34.99 £699.80/L,https://www.idealo.co.uk/relocator/relocate?categoryId=3972&offerKey=a58051461464c980a9376367f6fe7ab2&offerListId=591410-B41379B53F75E6CF337DE7019FE620E0&pos=6&price=34.99&productid=591410&sid=313205&type=offer
01-IM-FEM-TS50-D,ISSEY MIYAKE L'EAU D'ISSEY POUR FEMME EDT-S 50ML,3423470300154.0,334,72.0,17.95,,,0.0,591410.0,Clearchemist.co.uk,£35.44 £708.80/L,https://www.idealo.co.uk/relocator/relocate?categoryId=3972&offerKey=a5c2f8959edde4926c45bb6c99f23f30&offerListId=591410-B41379B53F75E6CF337DE7019FE620E0&pos=7&price=35.44&productid=591410&sid=289670&type=offer
01-IM-FEM-TS50-D,ISSEY MIYAKE L'EAU D'ISSEY POUR FEMME EDT-S 50ML,3423470300154.0,334,72.0,17.95,,,0.0,591410.0,bodycareonline.co.uk,£35.49 £709.80/L,https://www.idealo.co.uk/relocator/relocate?categoryId=3972&offerKey=18d5ce75bb3a7e497888fe8382349aec&offerListId=591410-B41379B53F75E6CF337DE7019FE620E0&pos=8&price=35.49&productid=591410&sid=332851&type=offer
01-IM-FEM-TS50-D,ISSEY MIYAKE L'EAU D'ISSEY POUR FEMME EDT-S 50ML,3423470300154.0,334,72.0,17.95,,,0.0,591410.0,pampa.co.uk,£35.75 £715.00/L,https://www.idealo.co.uk/relocator/relocate?categoryId=3972&offerKey=3b4367f468c73c7248d7fcbe9a936b99&offerListId=591410-B41379B53F75E6CF337DE7019FE620E0&pos=9&price=35.75&productid=591410&sid=329455&type=offer
01-IM-FEM-TS50-D,ISSEY MIYAKE L'EAU D'ISSEY POUR FEMME EDT-S 50ML,3423470300154.0,334,72.0,17.95,,,0.0,591410.0,secretsales.com (UK),£38.99 £779.80/L,https://www.idealo.co.uk/relocator/relocate?categoryId=3972&offerKey=4cffccf098f42daef3baee9ab9b89a64&offerListId=591410-B41379B53F75E6CF337DE7019FE620E0&pos=10&price=38.99&productid=591410&sid=324015&type=offer
01-IM-FEM-TS50-D,ISSEY MIYAKE L'EAU D'ISSEY POUR FEMME EDT-S 50ML,3423470300154.0,334,72.0,17.95,,,0.0,591410.0,perfumedirect.com,£38.99 £779.80/L,https://www.idealo.co.uk/relocator/relocate?categoryId=3972&offerKey=0ff628d6a9ea7f78f0699fcf38e19323&offerListId=591410-B41379B53F75E6CF337DE7019FE620E0&pos=11&price=38.99&productid=591410&sid=318630&type=offer
01-IM-FEM-TS50-D,ISSEY MIYAKE L'EAU D'ISSEY POUR FEMME EDT-S 50ML,3423470300154.0,334,72.0,17.95,,,0.0,591410.0,beautybase.com(UK),£39.95 £799.00/L,https://www.idealo.co.uk/relocator/relocate?categoryId=3972&offerKey=fb3a9a41cc081baf01f369e39bb10e1e&offerListId=591410-B41379B53F75E6CF337DE7019FE620E0&pos=12&price=39.95&productid=591410&sid=299115&type=offer
01-IM-FEM-TS50-D,ISSEY MIYAKE L'EAU D'ISSEY POUR FEMME EDT-S 50ML,3423470300154.0,334,72.0,17.95,,,0.0,591410.0,unineed.com,£43.99 £879.80/L,https://www.idealo.co.uk/relocator/relocate?categoryId=3972&offerKey=378892ac9e6e793d4a7619d43adccd9c&offerListId=591410-B41379B53F75E6CF337DE7019FE620E0&pos=13&price=43.99&productid=591410&sid=314440&type=offer
01-IM-FEM-TS50-D,ISSEY MIYAKE L'EAU D'ISSEY POUR FEMME EDT-S 50ML,3423470300154.0,334,72.0,17.95,,,0.0,591410.0,notino.co.uk,£44.10 £882.00/L,https://www.idealo.co.uk/relocator/relocate?categoryId=3972&offerKey=e240e7ca052026e007282ac983d6e023&offerListId=591410-B41379B53F75E6CF337DE7019FE620E0&pos=14&price=44.10&productid=591410&sid=307734&type=offer
01-IM-FEM-TS50-D,ISSEY MIYAKE L'EAU D'ISSEY POUR FEMME EDT-S 50ML,3423470300154.0,334,72.0,17.95,,,0.0,591410.0,parfumdreams.co.uk,£48.11 £962.20/L,https://www.idealo.co.uk/relocator/relocate?categoryId=3972&offerKey=d0023af0e323dd5610e90f52077bbe2e&offerListId=591410-B41379B53F75E6CF337DE7019FE620E0&pos=15&price=48.11&productid=591410&sid=316458&type=offer
01-IM-FEM-TS50-D,ISSEY MIYAKE L'EAU D'ISSEY POUR FEMME EDT-S 50ML,3423470300154.0,334,72.0,17.95,,,0.0,591410.0,Thefragrancecounter.com (UK),£49.95 £999.00/L,https://www.idealo.co.uk/relocator/relocate?categoryId=3972&offerKey=307cdc5d5c49fa244df36c44db72577f&offerListId=591410-B41379B53F75E6CF337DE7019FE620E0&pos=16&price=49.95&productid=591410&sid=299378&type=offer
01-IM-FEM-TS50-D,ISSEY MIYAKE L'EAU D'ISSEY POUR FEMME EDT-S 50ML,3423470300154.0,334,72.0,17.95,,,0.0,591410.0,gorgeousshop.com (UK),£49.99 £999.80/L,https://www.idealo.co.uk/relocator/relocate?categoryId=3972&offerKey=1f46448e70876c236267eb14bdd7dc92&offerListId=591410-B41379B53F75E6CF337DE7019FE620E0&pos=17&price=49.99&productid=591410&sid=28273&type=offer
01-IM-FEM-TS50-D,ISSEY MIYAKE L'EAU D'ISSEY POUR FEMME EDT-S 50ML,3423470300154.0,334,72.0,17.95,,,0.0,591410.0,Amazon-marketplace.co.uk,£24.91 £498.20/L,https://www.idealo.co.uk/relocator/relocate?categoryId=3972&offerKey=36982228775cd9f3390cdcc45908e066&offerListId=591410-B41379B53F75E6CF337DE7019FE620E0&pos=1&price=24.91&productid=591410&sid=22828&type=offer
01-IM-FEM-TS50-D,ISSEY MIYAKE L'EAU D'ISSEY POUR FEMME EDT-S 50ML,3423470300154.0,334,72.0,17.95,,,0.0,591410.0,ebay.co.uk,£29.99 £599.80/L,https://www.idealo.co.uk/relocator/relocate?categoryId=3972&offerKey=ab7271b47653620b2fbe3c3b6ef73954&offerListId=591410-B41379B53F75E6CF337DE7019FE620E0&pos=2&price=29.99&productid=591410&sid=22818&type=offer
01-IM-FEM-TS50-D,ISSEY MIYAKE L'EAU D'ISSEY POUR FEMME EDT-S 50ML,3423470300154.0,334,72.0,17.95,,,0.0,591410.0,Perfumeclick.co.uk,£30.00 £600.00/L,https://www.idealo.co.uk/relocator/relocate?categoryId=3972&offerKey=466506935a946820233f0d082564289d&offerListId=591410-B41379B53F75E6CF337DE7019FE620E0&pos=3&price=30.00&productid=591410&sid=69736&type=offer
01-IM-FEM-TS50-D,ISSEY MIYAKE L'EAU D'ISSEY POUR FEMME EDT-S 50ML,3423470300154.0,334,72.0,17.95,,,0.0,591410.0,cosmetify.com,£31.50 £630.00/L,https://www.idealo.co.uk/relocator/relocate?categoryId=3972&offerKey=5be322fa0d44b2526db0a9c129e176db&offerListId=591410-B41379B53F75E6CF337DE7019FE620E0&pos=4&price=31.50&productid=591410&sid=329503&type=offer
01-IM-FEM-TS50-D,ISSEY MIYAKE L'EAU D'ISSEY POUR FEMME EDT-S 50ML,3423470300154.0,334,72.0,17.95,,,0.0,591410.0,Dressinn.com (UK),£32.99 £659.80/L,https://www.idealo.co.uk/relocator/relocate?categoryId=3972&offerKey=7a03552d8014921184a6ea46efe1f853&offerListId=591410-B41379B53F75E6CF337DE7019FE620E0&pos=5&price=32.99&productid=591410&sid=318629&type=offer
01-IM-FEM-TS50-D,ISSEY MIYAKE L'EAU D'ISSEY POUR FEMME EDT-S 50ML,3423470300154.0,334,72.0,17.95,,,0.0,591410.0,groupon.co.uk,£34.99 £699.80/L,https://www.idealo.co.uk/relocator/relocate?categoryId=3972&offerKey=a58051461464c980a9376367f6fe7ab2&offerListId=591410-B41379B53F75E6CF337DE7019FE620E0&pos=6&price=34.99&productid=591410&sid=313205&type=offer
01-IM-FEM-TS50-D,ISSEY MIYAKE L'EAU D'ISSEY POUR FEMME EDT-S 50ML,3423470300154.0,334,72.0,17.95,,,0.0,591410.0,Clearchemist.co.uk,£35.44 £708.80/L,https://www.idealo.co.uk/relocator/relocate?categoryId=3972&offerKey=a5c2f8959edde4926c45bb6c99f23f30&offerListId=591410-B41379B53F75E6CF337DE7019FE620E0&pos=7&price=35.44&productid=591410&sid=289670&type=offer
01-IM-FEM-TS50-D,ISSEY MIYAKE L'EAU D'ISSEY POUR FEMME EDT-S 50ML,3423470300154.0,334,72.0,17.95,,,0.0,591410.0,bodycareonline.co.uk,£35.49 £709.80/L,https://www.idealo.co.uk/relocator/relocate?categoryId=3972&offerKey=18d5ce75bb3a7e497888fe8382349aec&offerListId=591410-B41379B53F75E6CF337DE7019FE620E0&pos=8&price=35.49&productid=591410&sid=332851&type=offer
01-IM-FEM-TS50-D,ISSEY MIYAKE L'EAU D'ISSEY POUR FEMME EDT-S 50ML,3423470300154.0,334,72.0,17.95,,,0.0,591410.0,pampa.co.uk,£35.75 £715.00/L,https://www.idealo.co.uk/relocator/relocate?categoryId=3972&offerKey=3b4367f468c73c7248d7fcbe9a936b99&offerListId=591410-B41379B53F75E6CF337DE7019FE620E0&pos=9&price=35.75&productid=591410&sid=329455&type=offer
01-IM-FEM-TS50-D,ISSEY MIYAKE L'EAU D'ISSEY POUR FEMME EDT-S 50ML,3423470300154.0,334,72.0,17.95,,,0.0,591410.0,secretsales.com (UK),£38.99 £779.80/L,https://www.idealo.co.uk/relocator/relocate?categoryId=3972&offerKey=4cffccf098f42daef3baee9ab9b89a64&offerListId=591410-B41379B53F75E6CF337DE7019FE620E0&pos=10&price=38.99&productid=591410&sid=324015&type=offer
01-IM-FEM-TS50-D,ISSEY MIYAKE L'EAU D'ISSEY POUR FEMME EDT-S 50ML,3423470300154.0,334,72.0,17.95,,,0.0,591410.0,perfumedirect.com,£38.99 £779.80/L,https://www.idealo.co.uk/relocator/relocate?categoryId=3972&offerKey=0ff628d6a9ea7f78f0699fcf38e19323&offerListId=591410-B41379B53F75E6CF337DE7019FE620E0&pos=11&price=38.99&productid=591410&sid=318630&type=offer
01-IM-FEM-TS50-D,ISSEY MIYAKE L'EAU D'ISSEY POUR FEMME EDT-S 50ML,3423470300154.0,334,72.0,17.95,,,0.0,591410.0,beautybase.com(UK),£39.95 £799.00/L,https://www.idealo.co.uk/relocator/relocate?categoryId=3972&offerKey=fb3a9a41cc081baf01f369e39bb10e1e&offerListId=591410-B41379B53F75E6CF337DE7019FE620E0&pos=12&price=39.95&productid=591410&sid=299115&type=offer
01-IM-FEM-TS50-D,ISSEY MIYAKE L'EAU D'ISSEY POUR FEMME EDT-S 50ML,3423470300154.0,334,72.0,17.95,,,0.0,591410.0,unineed.com,£43.99 £879.80/L,https://www.idealo.co.uk/relocator/relocate?categoryId=3972&offerKey=378892ac9e6e793d4a7619d43adccd9c&offerListId=591410-B41379B53F75E6CF337DE7019FE620E0&pos=13&price=43.99&productid=591410&sid=314440&type=offer
01-IM-FEM-TS50-D,ISSEY MIYAKE L'EAU D'ISSEY POUR FEMME EDT-S 50ML,3423470300154.0,334,72.0,17.95,,,0.0,591410.0,notino.co.uk,£44.10 £882.00/L,https://www.idealo.co.uk/relocator/relocate?categoryId=3972&offerKey=e240e7ca052026e007282ac983d6e023&offerListId=591410-B41379B53F75E6CF337DE7019FE620E0&pos=14&price=44.10&productid=591410&sid=307734&type=offer
01-IM-FEM-TS50-D,ISSEY MIYAKE L'EAU D'ISSEY POUR FEMME EDT-S 50ML,3423470300154.0,334,72.0,17.95,,,0.0,591410.0,parfumdreams.co.uk,£48.11 £962.20/L,https://www.idealo.co.uk/relocator/relocate?categoryId=3972&offerKey=d0023af0e323dd5610e90f52077bbe2e&offerListId=591410-B41379B53F75E6CF337DE7019FE620E0&pos=15&price=48.11&productid=591410&sid=316458&type=offer
01-IM-FEM-TS50-D,ISSEY MIYAKE L'EAU D'ISSEY POUR FEMME EDT-S 50ML,3423470300154.0,334,72.0,17.95,,,0.0,591410.0,Thefragrancecounter.com (UK),£49.95 £999.00/L,https://www.idealo.co.uk/relocator/relocate?categoryId=3972&offerKey=307cdc5d5c49fa244df36c44db72577f&offerListId=591410-B41379B53F75E6CF337DE7019FE620E0&pos=16&price=49.95&productid=591410&sid=299378&type=offer
01-IM-FEM-TS50-D,ISSEY MIYAKE L'EAU D'ISSEY POUR FEMME EDT-S 50ML,3423470300154.0,334,72.0,17.95,,,0.0,591410.0,gorgeousshop.com (UK),£49.99 £999.80/L,https://www.idealo.co.uk/relocator/relocate?categoryId=3972&offerKey=1f46448e70876c236267eb14bdd7dc92&offerListId=591410-B41379B53F75E6CF337DE7019FE620E0&pos=17&price=49.99&productid=591410&sid=28273&type=offer
01-IM-FEM-TS50-UK,ISSEY MIYAKE L'EAU D'ISSEY POUR FEMME EDT-S 50ML,3423470300154.0,1000+,72.0,17.95,,,0.0,591410.0,Amazon-marketplace.co.uk,£24.91 £498.20/L,https://www.idealo.co.uk/relocator/relocate?categoryId=3972&offerKey=36982228775cd9f3390cdcc45908e066&offerListId=591410-B41379B53F75E6CF337DE7019FE620E0&pos=1&price=24.91&productid=591410&sid=22828&type=offer
01-IM-FEM-TS50-UK,ISSEY MIYAKE L'EAU D'ISSEY POUR FEMME EDT-S 50ML,3423470300154.0,1000+,72.0,17.95,,,0.0,591410.0,ebay.co.uk,£29.99 £599.80/L,https://www.idealo.co.uk/relocator/relocate?categoryId=3972&offerKey=ab7271b47653620b2fbe3c3b6ef73954&offerListId=591410-B41379B53F75E6CF337DE7019FE620E0&pos=2&price=29.99&productid=591410&sid=22818&type=offer
01-IM-FEM-TS50-UK,ISSEY MIYAKE L'EAU D'ISSEY POUR FEMME EDT-S 50ML,3423470300154.0,1000+,72.0,17.95,,,0.0,591410.0,Perfumeclick.co.uk,£30.00 £600.00/L,https://www.idealo.co.uk/relocator/relocate?categoryId=3972&offerKey=466506935a946820233f0d082564289d&offerListId=591410-B41379B53F75E6CF337DE7019FE620E0&pos=3&price=30.00&productid=591410&sid=69736&type=offer
01-IM-FEM-TS50-UK,ISSEY MIYAKE L'EAU D'ISSEY POUR FEMME EDT-S 50ML,3423470300154.0,1000+,72.0,17.95,,,0.0,591410.0,cosmetify.com,£31.50 £630.00/L,https://www.idealo.co.uk/relocator/relocate?categoryId=3972&offerKey=5be322fa0d44b2526db0a9c129e176db&offerListId=591410-B41379B53F75E6CF337DE7019FE620E0&pos=4&price=31.50&productid=591410&sid=329503&type=offer
01-IM-FEM-TS50-UK,ISSEY MIYAKE L'EAU D'ISSEY POUR FEMME EDT-S 50ML,3423470300154.0,1000+,72.0,17.95,,,0.0,591410.0,Dressinn.com (UK),£32.99 £659.80/L,https://www.idealo.co.uk/relocator/relocate?categoryId=3972&offerKey=7a03552d8014921184a6ea46efe1f853&offerListId=591410-B41379B53F75E6CF337DE7019FE620E0&pos=5&price=32.99&productid=591410&sid=318629&type=offer
01-IM-FEM-TS50-UK,ISSEY MIYAKE L'EAU D'ISSEY POUR FEMME EDT-S 50ML,3423470300154.0,1000+,72.0,17.95,,,0.0,591410.0,groupon.co.uk,£34.99 £699.80/L,https://www.idealo.co.uk/relocator/relocate?categoryId=3972&offerKey=a58051461464c980a9376367f6fe7ab2&offerListId=591410-B41379B53F75E6CF337DE7019FE620E0&pos=6&price=34.99&productid=591410&sid=313205&type=offer
01-IM-FEM-TS50-UK,ISSEY MIYAKE L'EAU D'ISSEY POUR FEMME EDT-S 50ML,3423470300154.0,1000+,72.0,17.95,,,0.0,591410.0,Clearchemist.co.uk,£35.44 £708.80/L,https://www.idealo.co.uk/relocator/relocate?categoryId=3972&offerKey=a5c2f8959edde4926c45bb6c99f23f30&offerListId=591410-B41379B53F75E6CF337DE7019FE620E0&pos=7&price=35.44&productid=591410&sid=289670&type=offer
01-IM-FEM-TS50-UK,ISSEY MIYAKE L'EAU D'ISSEY POUR FEMME EDT-S 50ML,3423470300154.0,1000+,72.0,17.95,,,0.0,591410.0,bodycareonline.co.uk,£35.49 £709.80/L,https://www.idealo.co.uk/relocator/relocate?categoryId=3972&offerKey=18d5ce75bb3a7e497888fe8382349aec&offerListId=591410-B41379B53F75E6CF337DE7019FE620E0&pos=8&price=35.49&productid=591410&sid=332851&type=offer
01-IM-FEM-TS50-UK,ISSEY MIYAKE L'EAU D'ISSEY POUR FEMME EDT-S 50ML,3423470300154.0,1000+,72.0,17.95,,,0.0,591410.0,pampa.co.uk,£35.75 £715.00/L,https://www.idealo.co.uk/relocator/relocate?categoryId=3972&offerKey=3b4367f468c73c7248d7fcbe9a936b99&offerListId=591410-B41379B53F75E6CF337DE7019FE620E0&pos=9&price=35.75&productid=591410&sid=329455&type=offer
01-IM-FEM-TS50-UK,ISSEY MIYAKE L'EAU D'ISSEY POUR FEMME EDT-S 50ML,3423470300154.0,1000+,72.0,17.95,,,0.0,591410.0,secretsales.com (UK),£38.99 £779.80/L,https://www.idealo.co.uk/relocator/relocate?categoryId=3972&offerKey=4cffccf098f42daef3baee9ab9b89a64&offerListId=591410-B41379B53F75E6CF337DE7019FE620E0&pos=10&price=38.99&productid=591410&sid=324015&type=offer
01-IM-FEM-TS50-UK,ISSEY MIYAKE L'EAU D'ISSEY POUR FEMME EDT-S 50ML,3423470300154.0,1000+,72.0,17.95,,,0.0,591410.0,perfumedirect.com,£38.99 £779.80/L,https://www.idealo.co.uk/relocator/relocate?categoryId=3972&offerKey=0ff628d6a9ea7f78f0699fcf38e19323&offerListId=591410-B41379B53F75E6CF337DE7019FE620E0&pos=11&price=38.99&productid=591410&sid=318630&type=offer
01-IM-FEM-TS50-UK,ISSEY MIYAKE L'EAU D'ISSEY POUR FEMME EDT-S 50ML,3423470300154.0,1000+,72.0,17.95,,,0.0,591410.0,beautybase.com(UK),£39.95 £799.00/L,https://www.idealo.co.uk/relocator/relocate?categoryId=3972&offerKey=fb3a9a41cc081baf01f369e39bb10e1e&offerListId=591410-B41379B53F75E6CF337DE7019FE620E0&pos=12&price=39.95&productid=591410&sid=299115&type=offer
01-IM-FEM-TS50-UK,ISSEY MIYAKE L'EAU D'ISSEY POUR FEMME EDT-S 50ML,3423470300154.0,1000+,72.0,17.95,,,0.0,591410.0,unineed.com,£43.99 £879.80/L,https://www.idealo.co.uk/relocator/relocate?categoryId=3972&offerKey=378892ac9e6e793d4a7619d43adccd9c&offerListId=591410-B41379B53F75E6CF337DE7019FE620E0&pos=13&price=43.99&productid=591410&sid=314440&type=offer
01-IM-FEM-TS50-UK,ISSEY MIYAKE L'EAU D'ISSEY POUR FEMME EDT-S 50ML,3423470300154.0,1000+,72.0,17.95,,,0.0,591410.0,notino.co.uk,£44.10 £882.00/L,https://www.idealo.co.uk/relocator/relocate?categoryId=3972&offerKey=e240e7ca052026e007282ac983d6e023&offerListId=591410-B41379B53F75E6CF337DE7019FE620E0&pos=14&price=44.10&productid=591410&sid=307734&type=offer
01-IM-FEM-TS50-UK,ISSEY MIYAKE L'EAU D'ISSEY POUR FEMME EDT-S 50ML,3423470300154.0,1000+,72.0,17.95,,,0.0,591410.0,parfumdreams.co.uk,£48.11 £962.20/L,https://www.idealo.co.uk/relocator/relocate?categoryId=3972&offerKey=d0023af0e323dd5610e90f52077bbe2e&offerListId=591410-B41379B53F75E6CF337DE7019FE620E0&pos=15&price=48.11&productid=591410&sid=316458&type=offer
01-IM-FEM-TS50-UK,ISSEY MIYAKE L'EAU D'ISSEY POUR FEMME EDT-S 50ML,3423470300154.0,1000+,72.0,17.95,,,0.0,591410.0,Thefragrancecounter.com (UK),£49.95 £999.00/L,https://www.idealo.co.uk/relocator/relocate?categoryId=3972&offerKey=307cdc5d5c49fa244df36c44db72577f&offerListId=591410-B41379B53F75E6CF337DE7019FE620E0&pos=16&price=49.95&productid=591410&sid=299378&type=offer
01-IM-FEM-TS50-UK,ISSEY MIYAKE L'EAU D'ISSEY POUR FEMME EDT-S 50ML,3423470300154.0,1000+,72.0,17.95,,,0.0,591410.0,gorgeousshop.com (UK),£49.99 £999.80/L,https://www.idealo.co.uk/relocator/relocate?categoryId=3972&offerKey=1f46448e70876c236267eb14bdd7dc92&offerListId=591410-B41379B53F75E6CF337DE7019FE620E0&pos=17&price=49.99&productid=591410&sid=28273&type=offer
01-IM-FEM-TS50-UK,ISSEY MIYAKE L'EAU D'ISSEY POUR FEMME EDT-S 50ML,3423470300154.0,1000+,72.0,17.95,,,0.0,591410.0,Amazon-marketplace.co.uk,£24.91 £498.20/L,https://www.idealo.co.uk/relocator/relocate?categoryId=3972&offerKey=36982228775cd9f3390cdcc45908e066&offerListId=591410-B41379B53F75E6CF337DE7019FE620E0&pos=1&price=24.91&productid=591410&sid=22828&type=offer
01-IM-FEM-TS50-UK,ISSEY MIYAKE L'EAU D'ISSEY POUR FEMME EDT-S 50ML,3423470300154.0,1000+,72.0,17.95,,,0.0,591410.0,ebay.co.uk,£29.99 £599.80/L,https://www.idealo.co.uk/relocator/relocate?categoryId=3972&offerKey=ab7271b47653620b2fbe3c3b6ef73954&offerListId=591410-B41379B53F75E6CF337DE7019FE620E0&pos=2&price=29.99&productid=591410&sid=22818&type=offer
01-IM-FEM-TS50-UK,ISSEY MIYAKE L'EAU D'ISSEY POUR FEMME EDT-S 50ML,3423470300154.0,1000+,72.0,17.95,,,0.0,591410.0,Perfumeclick.co.uk,£30.00 £600.00/L,https://www.idealo.co.uk/relocator/relocate?categoryId=3972&offerKey=466506935a946820233f0d082564289d&offerListId=591410-B41379B53F75E6CF337DE7019FE620E0&pos=3&price=30.00&productid=591410&sid=69736&type=offer
01-IM-FEM-TS50-UK,ISSEY MIYAKE L'EAU D'ISSEY POUR FEMME EDT-S 50ML,3423470300154.0,1000+,72.0,17.95,,,0.0,591410.0,cosmetify.com,£31.50 £630.00/L,https://www.idealo.co.uk/relocator/relocate?categoryId=3972&offerKey=5be322fa0d44b2526db0a9c129e176db&offerListId=591410-B41379B53F75E6CF337DE7019FE620E0&pos=4&price=31.50&productid=591410&sid=329503&type=offer
01-IM-FEM-TS50-UK,ISSEY MIYAKE L'EAU D'ISSEY POUR FEMME EDT-S 50ML,3423470300154.0,1000+,72.0,17.95,,,0.0,591410.0,Dressinn.com (UK),£32.99 £659.80/L,https://www.idealo.co.uk/relocator/relocate?categoryId=3972&offerKey=7a03552d8014921184a6ea46efe1f853&offerListId=591410-B41379B53F75E6CF337DE7019FE620E0&pos=5&price=32.99&productid=591410&sid=318629&type=offer
01-IM-FEM-TS50-UK,ISSEY MIYAKE L'EAU D'ISSEY POUR FEMME EDT-S 50ML,3423470300154.0,1000+,72.0,17.95,,,0.0,591410.0,groupon.co.uk,£34.99 £699.80/L,https://www.idealo.co.uk/relocator/relocate?categoryId=3972&offerKey=a58051461464c980a9376367f6fe7ab2&offerListId=591410-B41379B53F75E6CF337DE7019FE620E0&pos=6&price=34.99&productid=591410&sid=313205&type=offer
01-IM-FEM-TS50-UK,ISSEY MIYAKE L'EAU D'ISSEY POUR FEMME EDT-S 50ML,3423470300154.0,1000+,72.0,17.95,,,0.0,591410.0,Clearchemist.co.uk,£35.44 £708.80/L,https://www.idealo.co.uk/relocator/relocate?categoryId=3972&offerKey=a5c2f8959edde4926c45bb6c99f23f30&offerListId=591410-B41379B53F75E6CF337DE7019FE620E0&pos=7&price=35.44&productid=591410&sid=289670&type=offer
01-IM-FEM-TS50-UK,ISSEY MIYAKE L'EAU D'ISSEY POUR FEMME EDT-S 50ML,3423470300154.0,1000+,72.0,17.95,,,0.0,591410.0,bodycareonline.co.uk,£35.49 £709.80/L,https://www.idealo.co.uk/relocator/relocate?categoryId=3972&offerKey=18d5ce75bb3a7e497888fe8382349aec&offerListId=591410-B41379B53F75E6CF337DE7019FE620E0&pos=8&price=35.49&productid=591410&sid=332851&type=offer
01-IM-FEM-TS50-UK,ISSEY MIYAKE L'EAU D'ISSEY POUR FEMME EDT-S 50ML,3423470300154.0,1000+,72.0,17.95,,,0.0,591410.0,pampa.co.uk,£35.75 £715.00/L,https://www.idealo.co.uk/relocator/relocate?categoryId=3972&offerKey=3b4367f468c73c7248d7fcbe9a936b99&offerListId=591410-B41379B53F75E6CF337DE7019FE620E0&pos=9&price=35.75&productid=591410&sid=329455&type=offer
01-IM-FEM-TS50-UK,ISSEY MIYAKE L'EAU D'ISSEY POUR FEMME EDT-S 50ML,3423470300154.0,1000+,72.0,17.95,,,0.0,591410.0,secretsales.com (UK),£38.99 £779.80/L,https://www.idealo.co.uk/relocator/relocate?categoryId=3972&offerKey=4cffccf098f42daef3baee9ab9b89a64&offerListId=591410-B41379B53F75E6CF337DE7019FE620E0&pos=10&price=38.99&productid=591410&sid=324015&type=offer
01-IM-FEM-TS50-UK,ISSEY MIYAKE L'EAU D'ISSEY POUR FEMME EDT-S 50ML,3423470300154.0,1000+,72.0,17.95,,,0.0,591410.0,perfumedirect.com,£38.99 £779.80/L,https://www.idealo.co.uk/relocator/relocate?categoryId=3972&offerKey=0ff628d6a9ea7f78f0699fcf38e19323&offerListId=591410-B41379B53F75E6CF337DE7019FE620E0&pos=11&price=38.99&productid=591410&sid=318630&type=offer
01-IM-FEM-TS50-UK,ISSEY MIYAKE L'EAU D'ISSEY POUR FEMME EDT-S 50ML,3423470300154.0,1000+,72.0,17.95,,,0.0,591410.0,beautybase.com(UK),£39.95 £799.00/L,https://www.idealo.co.uk/relocator/relocate?categoryId=3972&offerKey=fb3a9a41cc081baf01f369e39bb10e1e&offerListId=591410-B41379B53F75E6CF337DE7019FE620E0&pos=12&price=39.95&productid=591410&sid=299115&type=offer
01-IM-FEM-TS50-UK,ISSEY MIYAKE L'EAU D'ISSEY POUR FEMME EDT-S 50ML,3423470300154.0,1000+,72.0,17.95,,,0.0,591410.0,unineed.com,£43.99 £879.80/L,https://www.idealo.co.uk/relocator/relocate?categoryId=3972&offerKey=378892ac9e6e793d4a7619d43adccd9c&offerListId=591410-B41379B53F75E6CF337DE7019FE620E0&pos=13&price=43.99&productid=591410&sid=314440&type=offer
01-IM-FEM-TS50-UK,ISSEY MIYAKE L'EAU D'ISSEY POUR FEMME EDT-S 50ML,3423470300154.0,1000+,72.0,17.95,,,0.0,591410.0,notino.co.uk,£44.10 £882.00/L,https://www.idealo.co.uk/relocator/relocate?categoryId=3972&offerKey=e240e7ca052026e007282ac983d6e023&offerListId=591410-B41379B53F75E6CF337DE7019FE620E0&pos=14&price=44.10&productid=591410&sid=307734&type=offer
01-IM-FEM-TS50-UK,ISSEY MIYAKE L'EAU D'ISSEY POUR FEMME EDT-S 50ML,3423470300154.0,1000+,72.0,17.95,,,0.0,591410.0,parfumdreams.co.uk,£48.11 £962.20/L,https://www.idealo.co.uk/relocator/relocate?categoryId=3972&offerKey=d0023af0e323dd5610e90f52077bbe2e&offerListId=591410-B41379B53F75E6CF337DE7019FE620E0&pos=15&price=48.11&productid=591410&sid=316458&type=offer
01-IM-FEM-TS50-UK,ISSEY MIYAKE L'EAU D'ISSEY POUR FEMME EDT-S 50ML,3423470300154.0,1000+,72.0,17.95,,,0.0,591410.0,Thefragrancecounter.com (UK),£49.95 £999.00/L,https://www.idealo.co.uk/relocator/relocate?categoryId=3972&offerKey=307cdc5d5c49fa244df36c44db72577f&offerListId=591410-B41379B53F75E6CF337DE7019FE620E0&pos=16&price=49.95&productid=591410&sid=299378&type=offer
01-IM-FEM-TS50-UK,ISSEY MIYAKE L'EAU D'ISSEY POUR FEMME EDT-S 50ML,3423470300154.0,1000+,72.0,17.95,,,0.0,591410.0,gorgeousshop.com (UK),£49.99 £999.80/L,https://www.idealo.co.uk/relocator/relocate?categoryId=3972&offerKey=1f46448e70876c236267eb14bdd7dc92&offerListId=591410-B41379B53F75E6CF337DE7019FE620E0&pos=17&price=49.99&productid=591410&sid=28273&type=offer
01-IM-MAG-TS100,ISSEY MIYAKE EAU MAGNOLIA EDT-S 100ML,3423222048020.0,237,101.0,32.5,,,0.0,201887299.0,ebay.co.uk,£44.75 £447.50/L,https://www.idealo.co.uk/relocator/relocate?categoryId=3972&offerKey=bb2674612d0b4fdd9874e79698224424&offerListId=201887299-1361D869033F563E541135356B45ADD6&pos=1&price=44.75&productid=201887299&sid=22818&type=offer
01-IM-MAG-TS100,ISSEY MIYAKE EAU MAGNOLIA EDT-S 100ML,3423222048020.0,237,101.0,32.5,,,0.0,201887299.0,Clearchemist.co.uk,£45.14 £451.40/L,https://www.idealo.co.uk/relocator/relocate?categoryId=3972&offerKey=fcb3e47c738d49719e5f0a673659ee97&offerListId=201887299-1361D869033F563E541135356B45ADD6&pos=2&price=45.14&productid=201887299&sid=289670&type=offer
01-IM-MAG-TS100,ISSEY MIYAKE EAU MAGNOLIA EDT-S 100ML,3423222048020.0,237,101.0,32.5,,,0.0,201887299.0,Perfumeclick.co.uk,£49.95 £499.50/L,https://www.idealo.co.uk/relocator/relocate?categoryId=3972&offerKey=11644092f72ed4d6a7b97644e47c0975&offerListId=201887299-1361D869033F563E541135356B45ADD6&pos=3&price=49.95&productid=201887299&sid=69736&type=offer
01-IM-MAG-TS100,ISSEY MIYAKE EAU MAGNOLIA EDT-S 100ML,3423222048020.0,237,101.0,32.5,,,0.0,201887299.0,secretsales.com (UK),£50.00 £500.00/L,https://www.idealo.co.uk/relocator/relocate?categoryId=3972&offerKey=cdc39dc500110a78a2b065938676a851&offerListId=201887299-1361D869033F563E541135356B45ADD6&pos=4&price=50.00&productid=201887299&sid=324015&type=offer
01-IM-MAG-TS100,ISSEY MIYAKE EAU MAGNOLIA EDT-S 100ML,3423222048020.0,237,101.0,32.5,,,0.0,201887299.0,Dressinn.com (UK),£51.99 £519.90/L,https://www.idealo.co.uk/relocator/relocate?categoryId=3972&offerKey=99a2aefbb665f26d70e855356bdf56fd&offerListId=201887299-1361D869033F563E541135356B45ADD6&pos=5&price=51.99&productid=201887299&sid=318629&type=offer
01-IM-MAG-TS100,ISSEY MIYAKE EAU MAGNOLIA EDT-S 100ML,3423222048020.0,237,101.0,32.5,,,0.0,201887299.0,Amazon-marketplace.co.uk,£53.70 £537.00/L,https://www.idealo.co.uk/relocator/relocate?categoryId=3972&offerKey=c74633f7d15167932396f0de855f3a55&offerListId=201887299-1361D869033F563E541135356B45ADD6&pos=6&price=53.70&productid=201887299&sid=22828&type=offer
01-IM-MAG-TS100,ISSEY MIYAKE EAU MAGNOLIA EDT-S 100ML,3423222048020.0,237,101.0,32.5,,,0.0,201887299.0,Tjhughes.co.uk,£55.00 £550.00/L,https://www.idealo.co.uk/relocator/relocate?categoryId=3972&offerKey=1065aacbb7ce38e91188167e67bf8f64&offerListId=201887299-1361D869033F563E541135356B45ADD6&pos=7&price=55.00&productid=201887299&sid=28759&type=offer
01-IM-MAG-TS100,ISSEY MIYAKE EAU MAGNOLIA EDT-S 100ML,3423222048020.0,237,101.0,32.5,,,0.0,201887299.0,perfumedirect.com,£62.99 £629.90/L,https://www.idealo.co.uk/relocator/relocate?categoryId=3972&offerKey=7fa2729c5aaa64914476018e9513cfb6&offerListId=201887299-1361D869033F563E541135356B45ADD6&pos=8&price=62.99&productid=201887299&sid=318630&type=offer
01-IM-MAG-TS100,ISSEY MIYAKE EAU MAGNOLIA EDT-S 100ML,3423222048020.0,237,101.0,32.5,,,0.0,201887299.0,parfumdreams.co.uk,£70.28 £702.80/L,https://www.idealo.co.uk/relocator/relocate?categoryId=3972&offerKey=e1d84df4c20a9c952e163a3ce19f2a30&offerListId=201887299-1361D869033F563E541135356B45ADD6&pos=9&price=70.28&productid=201887299&sid=316458&type=offer
01-IM-MAG-TS100,ISSEY MIYAKE EAU MAGNOLIA EDT-S 100ML,3423222048020.0,237,101.0,32.5,,,0.0,201887299.0,my-origines.com(UK),£70.59 £705.90/L,https://www.idealo.co.uk/relocator/relocate?categoryId=3972&offerKey=7b11172a3ae483e3c85930c7d4b6b78c&offerListId=201887299-1361D869033F563E541135356B45ADD6&pos=10&price=70.59&productid=201887299&sid=328503&type=offer
01-IM-MAG-TS100,ISSEY MIYAKE EAU MAGNOLIA EDT-S 100ML,3423222048020.0,237,101.0,32.5,,,0.0,201887299.0,onbuy.com,£71.99 £719.90/L,https://www.idealo.co.uk/relocator/relocate?categoryId=3972&offerKey=46c93245403b53e91fb7f7d00aab4f8d&offerListId=201887299-1361D869033F563E541135356B45ADD6&pos=11&price=71.99&productid=201887299&sid=316895&type=offer
01-IM-MAG-TS100,ISSEY MIYAKE EAU MAGNOLIA EDT-S 100ML,3423222048020.0,237,101.0,32.5,,,0.0,201887299.0,unineed.com,£73.99 £739.90/L,https://www.idealo.co.uk/relocator/relocate?categoryId=3972&offerKey=627251b5b36bee267599ed5d661fc980&offerListId=201887299-1361D869033F563E541135356B45ADD6&pos=12&price=73.99&productid=201887299&sid=314440&type=offer
01-IM-MAG-TS100,ISSEY MIYAKE EAU MAGNOLIA EDT-S 100ML,3423222048020.0,237,101.0,32.5,,,0.0,201887299.0,notino.co.uk,£74.30 £743.00/L,https://www.idealo.co.uk/relocator/relocate?categoryId=3972&offerKey=ae9d652485b8967a5d5ad9b181d95674&offerListId=201887299-1361D869033F563E541135356B45ADD6&pos=13&price=74.30&productid=201887299&sid=307734&type=offer
01-IM-MAG-TS100,ISSEY MIYAKE EAU MAGNOLIA EDT-S 100ML,3423222048020.0,237,101.0,32.5,,,0.0,201887299.0,beautybase.com(UK),£79.95 £799.50/L,https://www.idealo.co.uk/relocator/relocate?categoryId=3972&offerKey=f1e5a5637574679e4712dab2d095613c&offerListId=201887299-1361D869033F563E541135356B45ADD6&pos=14&price=79.95&productid=201887299&sid=299115&type=offer
01-IM-MAG-TS100,ISSEY MIYAKE EAU MAGNOLIA EDT-S 100ML,3423222048020.0,237,101.0,32.5,,,0.0,201887299.0,allbeauty.com(UK),£80.55 £805.50/L,https://www.idealo.co.uk/relocator/relocate?categoryId=3972&offerKey=ad9f6b2b2471738b06abb740edd80c87&offerListId=201887299-1361D869033F563E541135356B45ADD6&pos=15&price=80.55&productid=201887299&sid=28942&type=offer
01-IM-MAG-TS100,ISSEY MIYAKE EAU MAGNOLIA EDT-S 100ML,3423222048020.0,237,101.0,32.5,,,0.0,201887299.0,debenhams.com,£80.80 £808.00/L,https://www.idealo.co.uk/relocator/relocate?categoryId=3972&offerKey=8974df7f3ec6e5c3a3d3d2fb92e80b35&offerListId=201887299-1361D869033F563E541135356B45ADD6&pos=16&price=80.80&productid=201887299&sid=324109&type=offer
01-IM-MAG-TS100,ISSEY MIYAKE EAU MAGNOLIA EDT-S 100ML,3423222048020.0,237,101.0,32.5,,,0.0,201887299.0,Fragrancedirect.co.uk,£81.25 £812.50/L,https://www.idealo.co.uk/relocator/relocate?categoryId=3972&offerKey=3e2c08ca153f9aeada598cf20a2844c5&offerListId=201887299-1361D869033F563E541135356B45ADD6&pos=17&price=81.25&productid=201887299&sid=21971&type=offer
01-IM-MAG-TS100,ISSEY MIYAKE EAU MAGNOLIA EDT-S 100ML,3423222048020.0,237,101.0,32.5,,,0.0,201887299.0,sephora.co.uk,£98.00 £980.00/L,https://www.idealo.co.uk/relocator/relocate?categoryId=3972&offerKey=bf8c0f054be62ccb3137ad79d13aada5&offerListId=201887299-1361D869033F563E541135356B45ADD6&pos=18&price=98.00&productid=201887299&sid=27998&type=offer
01-IM-MAG-TS100,ISSEY MIYAKE EAU MAGNOLIA EDT-S 100ML,3423222048020.0,237,101.0,32.5,,,0.0,201887299.0,johnlewis.com,£98.00 £980.00/L,https://www.idealo.co.uk/relocator/relocate?categoryId=3972&offerKey=d41cc2033a8427ab5929d86346657e77&offerListId=201887299-1361D869033F563E541135356B45ADD6&pos=19&price=98.00&productid=201887299&sid=22280&type=offer
01-IM-MAG-TS100,ISSEY MIYAKE EAU MAGNOLIA EDT-S 100ML,3423222048020.0,237,101.0,32.5,,,0.0,201887299.0,freemans.com (UK),£98.00 £980.00/L,https://www.idealo.co.uk/relocator/relocate?categoryId=3972&offerKey=863fd68e2cfcc8ee4f78b737995ba006&offerListId=201887299-1361D869033F563E541135356B45ADD6&pos=20&price=98.00&productid=201887299&sid=320471&type=offer
01-IM-PIV-TS100,ISSEY MIYAKE EAU PIVOINE EDT-S 100ML,3423222090708.0,307,101.0,29.95,,,0.0,202466921.0,Clearchemist.co.uk,£38.44 £384.40/L,https://www.idealo.co.uk/relocator/relocate?categoryId=3972&offerKey=99244d0960eee60a318fff5628451bde&offerListId=202466921-968F8ADB966ECF73F9FBBF7875268AC5&pos=1&price=38.44&productid=202466921&sid=289670&type=offer
01-IM-PIV-TS100,ISSEY MIYAKE EAU PIVOINE EDT-S 100ML,3423222090708.0,307,101.0,29.95,,,0.0,202466921.0,ebay.co.uk,£39.95 £399.50/L,https://www.idealo.co.uk/relocator/relocate?categoryId=3972&offerKey=899d9120ef9ed8eafd69da072f283f8d&offerListId=202466921-968F8ADB966ECF73F9FBBF7875268AC5&pos=2&price=39.95&productid=202466921&sid=22818&type=offer
01-IM-PIV-TS100,ISSEY MIYAKE EAU PIVOINE EDT-S 100ML,3423222090708.0,307,101.0,29.95,,,0.0,202466921.0,Perfumeclick.co.uk,£42.55 £425.50/L,https://www.idealo.co.uk/relocator/relocate?categoryId=3972&offerKey=5b3fadbb90436ca6ac97b0511b7f0a9e&offerListId=202466921-968F8ADB966ECF73F9FBBF7875268AC5&pos=3&price=42.55&productid=202466921&sid=69736&type=offer
01-IM-PIV-TS100,ISSEY MIYAKE EAU PIVOINE EDT-S 100ML,3423222090708.0,307,101.0,29.95,,,0.0,202466921.0,cosmetify.com,£44.68 £446.80/L,https://www.idealo.co.uk/relocator/relocate?categoryId=3972&offerKey=247e1ea07400b6883d5f079cde29b13c&offerListId=202466921-968F8ADB966ECF73F9FBBF7875268AC5&pos=4&price=44.68&productid=202466921&sid=329503&type=offer
01-IM-PIV-TS100,ISSEY MIYAKE EAU PIVOINE EDT-S 100ML,3423222090708.0,307,101.0,29.95,,,0.0,202466921.0,secretsales.com (UK),£46.09 £460.90/L,https://www.idealo.co.uk/relocator/relocate?categoryId=3972&offerKey=7e6eaa8934ab7c914b5c6eca087cf2dc&offerListId=202466921-968F8ADB966ECF73F9FBBF7875268AC5&pos=5&price=46.09&productid=202466921&sid=324015&type=offer
01-IM-PIV-TS100,ISSEY MIYAKE EAU PIVOINE EDT-S 100ML,3423222090708.0,307,101.0,29.95,,,0.0,202466921.0,perfumedirect.com,£46.99 £469.90/L,https://www.idealo.co.uk/relocator/relocate?categoryId=3972&offerKey=60f0ab20ffc02c42eddf04b49e0b2a50&offerListId=202466921-968F8ADB966ECF73F9FBBF7875268AC5&pos=6&price=46.99&productid=202466921&sid=318630&type=offer
01-IM-PIV-TS100,ISSEY MIYAKE EAU PIVOINE EDT-S 100ML,3423222090708.0,307,101.0,29.95,,,0.0,202466921.0,Amazon-marketplace.co.uk,£48.68 £486.80/L,https://www.idealo.co.uk/relocator/relocate?categoryId=3972&offerKey=0ec6ebf741d6d55d4adee64d4e5eb179&offerListId=202466921-968F8ADB966ECF73F9FBBF7875268AC5&pos=7&price=48.68&productid=202466921&sid=22828&type=offer
01-IM-PIV-TS100,ISSEY MIYAKE EAU PIVOINE EDT-S 100ML,3423222090708.0,307,101.0,29.95,,,0.0,202466921.0,Tjhughes.co.uk,£52.00 £520.00/L,https://www.idealo.co.uk/relocator/relocate?categoryId=3972&offerKey=7e37418a3743a2cafb8f494cc9ec297f&offerListId=202466921-968F8ADB966ECF73F9FBBF7875268AC5&pos=8&price=52.00&productid=202466921&sid=28759&type=offer
01-IM-PIV-TS100,ISSEY MIYAKE EAU PIVOINE EDT-S 100ML,3423222090708.0,307,101.0,29.95,,,0.0,202466921.0,onbuy.com,£57.10 £571.00/L,https://www.idealo.co.uk/relocator/relocate?categoryId=3972&offerKey=f8f81e230a527b9e4b09eca2fd46b9bd&offerListId=202466921-968F8ADB966ECF73F9FBBF7875268AC5&pos=9&price=57.10&productid=202466921&sid=316895&type=offer
01-IM-PIV-TS100,ISSEY MIYAKE EAU PIVOINE EDT-S 100ML,3423222090708.0,307,101.0,29.95,,,0.0,202466921.0,escentual.com(UK),£65.65 £656.50/L,https://www.idealo.co.uk/relocator/relocate?categoryId=3972&offerKey=81fee4d85704539024217bd12aae001b&offerListId=202466921-968F8ADB966ECF73F9FBBF7875268AC5&pos=10&price=65.65&productid=202466921&sid=21988&type=offer
01-IM-PIV-TS100,ISSEY MIYAKE EAU PIVOINE EDT-S 100ML,3423222090708.0,307,101.0,29.95,,,0.0,202466921.0,,£68.00 £680.00/L,https://www.idealo.co.uk/relocator/relocate?categoryId=3972&offerKey=80cb8ded76911ff25fb8426c0d0312ab&offerListId=202466921-968F8ADB966ECF73F9FBBF7875268AC5&pos=11&price=68.00&productid=202466921&sid=307734&type=offer
01-IM-PIV-TS100,ISSEY MIYAKE EAU PIVOINE EDT-S 100ML,3423222090708.0,307,101.0,29.95,,,0.0,202466921.0,sephora.co.uk,£68.60 £686.00/L,https://www.idealo.co.uk/relocator/relocate?categoryId=3972&offerKey=a13c6298e0d2ed1405f0e4939bc7932b&offerListId=202466921-968F8ADB966ECF73F9FBBF7875268AC5&pos=12&price=68.60&productid=202466921&sid=27998&type=offer
01-IM-PIV-TS100,ISSEY MIYAKE EAU PIVOINE EDT-S 100ML,3423222090708.0,307,101.0,29.95,,,0.0,202466921.0,Dressinn.com (UK),£69.99 £699.90/L,https://www.idealo.co.uk/relocator/relocate?categoryId=3972&offerKey=9b17d984bac26448b0e0457ae61fd878&offerListId=202466921-968F8ADB966ECF73F9FBBF7875268AC5&pos=13&price=69.99&productid=202466921&sid=318629&type=offer
01-IM-PIV-TS100,ISSEY MIYAKE EAU PIVOINE EDT-S 100ML,3423222090708.0,307,101.0,29.95,,,0.0,202466921.0,parfumdreams.co.uk,£70.28 £702.80/L,https://www.idealo.co.uk/relocator/relocate?categoryId=3972&offerKey=f3abc8550fcea535b2d965e05bb1cdbb&offerListId=202466921-968F8ADB966ECF73F9FBBF7875268AC5&pos=14&price=70.28&productid=202466921&sid=316458&type=offer
01-IM-PIV-TS100,ISSEY MIYAKE EAU PIVOINE EDT-S 100ML,3423222090708.0,307,101.0,29.95,,,0.0,202466921.0,Asos.com (UK),£70.50 £705.00/L,https://www.idealo.co.uk/relocator/relocate?categoryId=3972&offerKey=c8b5483870ae89cebae212263213d5aa&offerListId=202466921-968F8ADB966ECF73F9FBBF7875268AC5&pos=15&price=70.50&productid=202466921&sid=22178&type=offer
01-IM-PIV-TS100,ISSEY MIYAKE EAU PIVOINE EDT-S 100ML,3423222090708.0,307,101.0,29.95,,,0.0,202466921.0,allbeauty.com(UK),£70.70 £707.00/L,https://www.idealo.co.uk/relocator/relocate?categoryId=3972&offerKey=5d93e1943a0812b59ae17e4673724791&offerListId=202466921-968F8ADB966ECF73F9FBBF7875268AC5&pos=16&price=70.70&productid=202466921&sid=28942&type=offer
01-IM-PIV-TS100,ISSEY MIYAKE EAU PIVOINE EDT-S 100ML,3423222090708.0,307,101.0,29.95,,,0.0,202466921.0,my-origines.com(UK),£73.87 £738.70/L,https://www.idealo.co.uk/relocator/relocate?categoryId=3972&offerKey=64dbd137129d1c77ed4ed3e441264f68&offerListId=202466921-968F8ADB966ECF73F9FBBF7875268AC5&pos=17&price=73.87&productid=202466921&sid=328503&type=offer
01-IM-PIV-TS100,ISSEY MIYAKE EAU PIVOINE EDT-S 100ML,3423222090708.0,307,101.0,29.95,,,0.0,202466921.0,Fragrancedirect.co.uk,£74.90 £749.00/L,https://www.idealo.co.uk/relocator/relocate?categoryId=3972&offerKey=465a693afc88ea23bdee1a8071b69b53&offerListId=202466921-968F8ADB966ECF73F9FBBF7875268AC5&pos=18&price=74.90&productid=202466921&sid=21971&type=offer
01-IM-PIV-TS100,ISSEY MIYAKE EAU PIVOINE EDT-S 100ML,3423222090708.0,307,101.0,29.95,,,0.0,202466921.0,perfumeuk.co.uk,£82.00 £820.00/L,https://www.idealo.co.uk/relocator/relocate?categoryId=3972&offerKey=a8a18698c25eadb0531d53f0c8e880e1&offerListId=202466921-968F8ADB966ECF73F9FBBF7875268AC5&pos=19&price=82.00&productid=202466921&sid=323991&type=offer
01-IM-PIV-TS100,ISSEY MIYAKE EAU PIVOINE EDT-S 100ML,3423222090708.0,307,101.0,29.95,,,0.0,202466921.0,Thefragrancecounter.com (UK),£87.95 £879.50/L,https://www.idealo.co.uk/relocator/relocate?categoryId=3972&offerKey=992306fcbe5d4bbf858a61b86700a6d0&offerListId=202466921-968F8ADB966ECF73F9FBBF7875268AC5&pos=20&price=87.95&productid=202466921&sid=299378&type=offer
01-IM-PPLE-TS50,ISSEY MIYAKE PLEATS PLEASE EDT-S 50ML,3423473947158.0,1000+,48.0,8.95,,,0.0,3227605.0,Perfumeclick.co.uk,£15.25 £305.00/L,https://www.idealo.co.uk/relocator/relocate?categoryId=3972&offerKey=6fd6849f1b22980c67c38f411a400379&offerListId=3227605-39068DD4C1FB41295EEF094A79973DC9&pos=1&price=15.25&productid=3227605&sid=69736&type=offer
01-IM-PPLE-TS50,ISSEY MIYAKE PLEATS PLEASE EDT-S 50ML,3423473947158.0,1000+,48.0,8.95,,,0.0,3227605.0,Tjhughes.co.uk,£16.00 £320.00/L,https://www.idealo.co.uk/relocator/relocate?categoryId=3972&offerKey=c68787071e6a08070bbab6c29c766fe4&offerListId=3227605-39068DD4C1FB41295EEF094A79973DC9&pos=2&price=16.00&productid=3227605&sid=28759&type=offer
01-IM-PPLE-TS50,ISSEY MIYAKE PLEATS PLEASE EDT-S 50ML,3423473947158.0,1000+,48.0,8.95,,,0.0,3227605.0,cosmetify.com,£16.01 £320.20/L,https://www.idealo.co.uk/relocator/relocate?categoryId=3972&offerKey=39f880809c359207de762923d9801243&offerListId=3227605-39068DD4C1FB41295EEF094A79973DC9&pos=3&price=16.01&productid=3227605&sid=329503&type=offer
01-IM-PPLE-TS50,ISSEY MIYAKE PLEATS PLEASE EDT-S 50ML,3423473947158.0,1000+,48.0,8.95,,,0.0,3227605.0,ebay.co.uk,£16.53 £330.60/L,https://www.idealo.co.uk/relocator/relocate?categoryId=3972&offerKey=85e36aaf0c4878fd5dfd3f197304a231&offerListId=3227605-39068DD4C1FB41295EEF094A79973DC9&pos=4&price=16.53&productid=3227605&sid=22818&type=offer
01-IM-PPLE-TS50,ISSEY MIYAKE PLEATS PLEASE EDT-S 50ML,3423473947158.0,1000+,48.0,8.95,,,0.0,3227605.0,secretsales.com (UK),£18.70 £374.00/L,https://www.idealo.co.uk/relocator/relocate?categoryId=3972&offerKey=cacfe977d79604613f898b3ccdbff603&offerListId=3227605-39068DD4C1FB41295EEF094A79973DC9&pos=5&price=18.70&productid=3227605&sid=324015&type=offer
01-IM-PPLE-TS50,ISSEY MIYAKE PLEATS PLEASE EDT-S 50ML,3423473947158.0,1000+,48.0,8.95,,,0.0,3227605.0,onbuy.com,£18.95 £379.00/L,https://www.idealo.co.uk/relocator/relocate?categoryId=3972&offerKey=799978ec2b6de2946aa9aaa0a9afdb46&offerListId=3227605-39068DD4C1FB41295EEF094A79973DC9&pos=6&price=18.95&productid=3227605&sid=316895&type=offer
01-IM-PPLE-TS50,ISSEY MIYAKE PLEATS PLEASE EDT-S 50ML,3423473947158.0,1000+,48.0,8.95,,,0.0,3227605.0,Amazon-marketplace.co.uk,£20.99 £419.80/L,https://www.idealo.co.uk/relocator/relocate?categoryId=3972&offerKey=5a1a89af3a272bec7a36fbcdf99766a0&offerListId=3227605-39068DD4C1FB41295EEF094A79973DC9&pos=7&price=20.99&productid=3227605&sid=22828&type=offer
01-IM-PPLE-TS50,ISSEY MIYAKE PLEATS PLEASE EDT-S 50ML,3423473947158.0,1000+,48.0,8.95,,,0.0,3227605.0,perfumedirect.com,£22.99 £459.80/L,https://www.idealo.co.uk/relocator/relocate?categoryId=3972&offerKey=4ffa594b994de3d0a008a69feab5a8ca&offerListId=3227605-39068DD4C1FB41295EEF094A79973DC9&pos=8&price=22.99&productid=3227605&sid=318630&type=offer
01-IM-PPLE-TS50,ISSEY MIYAKE PLEATS PLEASE EDT-S 50ML,3423473947158.0,1000+,48.0,8.95,,,0.0,3227605.0,gorgeousshop.com (UK),£24.00 £480.00/L,https://www.idealo.co.uk/relocator/relocate?categoryId=3972&offerKey=cd7b304a1cb7e3bdf9d4dab2f340817a&offerListId=3227605-39068DD4C1FB41295EEF094A79973DC9&pos=9&price=24.00&productid=3227605&sid=28273&type=offer
01-IM-PPLE-TS50,ISSEY MIYAKE PLEATS PLEASE EDT-S 50ML,3423473947158.0,1000+,48.0,8.95,,,0.0,3227605.0,Clearchemist.co.uk,£24.70 £494.00/L,https://www.idealo.co.uk/relocator/relocate?categoryId=3972&offerKey=c9040430c086046e3f33cb52e78ea036&offerListId=3227605-39068DD4C1FB41295EEF094A79973DC9&pos=10&price=24.70&productid=3227605&sid=289670&type=offer
01-IM-PPLE-TS50,ISSEY MIYAKE PLEATS PLEASE EDT-S 50ML,3423473947158.0,1000+,48.0,8.95,,,0.0,3227605.0,freemans.com (UK),£25.00 £500.00/L,https://www.idealo.co.uk/relocator/relocate?categoryId=3972&offerKey=a6eb5a1b1d4aaa497ef08132685713bf&offerListId=3227605-39068DD4C1FB41295EEF094A79973DC9&pos=11&price=25.00&productid=3227605&sid=320471&type=offer
01-IM-PPLE-TS50,ISSEY MIYAKE PLEATS PLEASE EDT-S 50ML,3423473947158.0,1000+,48.0,8.95,,,0.0,3227605.0,unineed.com,£34.00 £680.00/L,https://www.idealo.co.uk/relocator/relocate?categoryId=3972&offerKey=7fbd683a3e965afc03c5628d77089a53&offerListId=3227605-39068DD4C1FB41295EEF094A79973DC9&pos=12&price=34.00&productid=3227605&sid=314440&type=offer
01-IM-PPLE-TS50,ISSEY MIYAKE PLEATS PLEASE EDT-S 50ML,3423473947158.0,1000+,48.0,8.95,,,0.0,3227605.0,amazon.co.uk,£36.05 £721.00/L,https://www.idealo.co.uk/relocator/relocate?categoryId=3972&offerKey=3d0c85dbc595a60f5d07e738d80198c3&offerListId=3227605-39068DD4C1FB41295EEF094A79973DC9&pos=13&price=36.05&productid=3227605&sid=12004&type=offer
01-IM-PPLE-TS50,ISSEY MIYAKE PLEATS PLEASE EDT-S 50ML,3423473947158.0,1000+,48.0,8.95,,,0.0,3227605.0,notino.co.uk,£37.90 £758.00/L,https://www.idealo.co.uk/relocator/relocate?categoryId=3972&offerKey=96ecceabca5412ad21169f29260eb13a&offerListId=3227605-39068DD4C1FB41295EEF094A79973DC9&pos=14&price=37.90&productid=3227605&sid=307734&type=offer
01-IM-PPLE-TS50,ISSEY MIYAKE PLEATS PLEASE EDT-S 50ML,3423473947158.0,1000+,48.0,8.95,,,0.0,3227605.0,parfumdreams.co.uk,£38.92 £778.40/L,https://www.idealo.co.uk/relocator/relocate?categoryId=3972&offerKey=900fe5e04cde48bc74a7a17a0bd019d6&offerListId=3227605-39068DD4C1FB41295EEF094A79973DC9&pos=15&price=38.92&productid=3227605&sid=316458&type=offer
01-IM-PPLE-TS50,ISSEY MIYAKE PLEATS PLEASE EDT-S 50ML,3423473947158.0,1000+,48.0,8.95,,,0.0,3227605.0,cazaar.co.uk,£49.45 £989.00/L,https://www.idealo.co.uk/relocator/relocate?categoryId=3972&offerKey=71088f09d7db0d83934ac86587d2c698&offerListId=3227605-39068DD4C1FB41295EEF094A79973DC9&pos=16&price=49.45&productid=3227605&sid=331015&type=offer
01-JC-BLO-PS100,JIMMY CHOO BLOSSOM EDP-S 100ML,3386460066273.0,48,76.0,24.5,,,0.0,4686164.0,Perfumeclick.co.uk,£32.50 £325.00/L,https://www.idealo.co.uk/relocator/relocate?categoryId=3972&offerKey=c3c672a12791263e4daa95d21299738a&offerListId=4686164-EF70DE744F811302A4134C2C277641EA&pos=1&price=32.50&productid=4686164&sid=69736&type=offer
01-JC-BLO-PS100,JIMMY CHOO BLOSSOM EDP-S 100ML,3386460066273.0,48,76.0,24.5,,,0.0,4686164.0,cosmetify.com,£34.13 £341.30/L,https://www.idealo.co.uk/relocator/relocate?categoryId=3972&offerKey=9205ea061b5b3b2c2a7cf4678a3553de&offerListId=4686164-EF70DE744F811302A4134C2C277641EA&pos=2&price=34.13&productid=4686164&sid=329503&type=offer
01-JC-BLO-PS100,JIMMY CHOO BLOSSOM EDP-S 100ML,3386460066273.0,48,76.0,24.5,,,0.0,4686164.0,Scentsationalperfumes.com,£34.95 £349.50/L,https://www.idealo.co.uk/relocator/relocate?categoryId=3972&offerKey=4f13c58d2639286eaf242cf0118338d9&offerListId=4686164-EF70DE744F811302A4134C2C277641EA&pos=3&price=34.95&productid=4686164&sid=282041&type=offer
01-JC-BLO-PS100,JIMMY CHOO BLOSSOM EDP-S 100ML,3386460066273.0,48,76.0,24.5,,,0.0,4686164.0,perfumedirect.com,£35.99 £359.90/L,https://www.idealo.co.uk/relocator/relocate?categoryId=3972&offerKey=47d7b32560d0f809a22c0df6277d9895&offerListId=4686164-EF70DE744F811302A4134C2C277641EA&pos=4&price=35.99&productid=4686164&sid=318630&type=offer
01-JC-BLO-PS100,JIMMY CHOO BLOSSOM EDP-S 100ML,3386460066273.0,48,76.0,24.5,,,0.0,4686164.0,perfumeprice.co.uk,£36.95 £369.50/L,https://www.idealo.co.uk/relocator/relocate?categoryId=3972&offerKey=92a1801d84ff8ff83c83736110870695&offerListId=4686164-EF70DE744F811302A4134C2C277641EA&pos=5&price=36.95&productid=4686164&sid=321700&type=offer
01-JC-BLO-PS100,JIMMY CHOO BLOSSOM EDP-S 100ML,3386460066273.0,48,76.0,24.5,,,0.0,4686164.0,ebay.co.uk,£37.94 £379.40/L,https://www.idealo.co.uk/relocator/relocate?categoryId=3972&offerKey=d81586bdbca9b79654ee4243b8a07d91&offerListId=4686164-EF70DE744F811302A4134C2C277641EA&pos=6&price=37.94&productid=4686164&sid=22818&type=offer
01-JC-BLO-PS100,JIMMY CHOO BLOSSOM EDP-S 100ML,3386460066273.0,48,76.0,24.5,,,0.0,4686164.0,onbuy.com,£37.95 £379.50/L,https://www.idealo.co.uk/relocator/relocate?categoryId=3972&offerKey=7431bf307cd96a72fee8ca4337d4408e&offerListId=4686164-EF70DE744F811302A4134C2C277641EA&pos=7&price=37.95&productid=4686164&sid=316895&type=offer
01-JC-BLO-PS100,JIMMY CHOO BLOSSOM EDP-S 100ML,3386460066273.0,48,76.0,24.5,,,0.0,4686164.0,allbeauty.com(UK),£39.95 £399.50/L,https://www.idealo.co.uk/relocator/relocate?categoryId=3972&offerKey=7133d68f8ae9565b8ba92d9917c669db&offerListId=4686164-EF70DE744F811302A4134C2C277641EA&pos=8&price=39.95&productid=4686164&sid=28942&type=offer
01-JC-BLO-PS100,JIMMY CHOO BLOSSOM EDP-S 100ML,3386460066273.0,48,76.0,24.5,,,0.0,4686164.0,,£42.56 £425.60/L,https://www.idealo.co.uk/relocator/relocate?categoryId=3972&offerKey=90c1023ee391ec01fc26fbde94cf1066&offerListId=4686164-EF70DE744F811302A4134C2C277641EA&pos=9&price=42.56&productid=4686164&sid=307734&type=offer
01-JC-BLO-PS100,JIMMY CHOO BLOSSOM EDP-S 100ML,3386460066273.0,48,76.0,24.5,,,0.0,4686164.0,Perfumeshopping.com(UK),£45.22 £452.20/L,https://www.idealo.co.uk/relocator/relocate?categoryId=3972&offerKey=a63f18654ea467163f5f0a6351b1d5cc&offerListId=4686164-EF70DE744F811302A4134C2C277641EA&pos=10&price=45.22&productid=4686164&sid=282217&type=offer
01-JC-BLO-PS100,JIMMY CHOO BLOSSOM EDP-S 100ML,3386460066273.0,48,76.0,24.5,,,0.0,4686164.0,secretsales.com (UK),£46.99 £469.90/L,https://www.idealo.co.uk/relocator/relocate?categoryId=3972&offerKey=eed3dd2ee67d0d3ba60544f58ee60c7c&offerListId=4686164-EF70DE744F811302A4134C2C277641EA&pos=11&price=46.99&productid=4686164&sid=324015&type=offer
01-JC-BLO-PS100,JIMMY CHOO BLOSSOM EDP-S 100ML,3386460066273.0,48,76.0,24.5,,,0.0,4686164.0,beautybase.com(UK),£49.00 £490.00/L,https://www.idealo.co.uk/relocator/relocate?categoryId=3972&offerKey=91d38d99313531b036d8a388a850721f&offerListId=4686164-EF70DE744F811302A4134C2C277641EA&pos=12&price=49.00&productid=4686164&sid=299115&type=offer
01-JC-BLO-PS100,JIMMY CHOO BLOSSOM EDP-S 100ML,3386460066273.0,48,76.0,24.5,,,0.0,4686164.0,debenhams.com,£60.80 £608.00/L,https://www.idealo.co.uk/relocator/relocate?categoryId=3972&offerKey=f478b163dd48e778868031ef8da69754&offerListId=4686164-EF70DE744F811302A4134C2C277641EA&pos=13&price=60.80&productid=4686164&sid=324109&type=offer
01-JC-BLO-PS100,JIMMY CHOO BLOSSOM EDP-S 100ML,3386460066273.0,48,76.0,24.5,,,0.0,4686164.0,unineed.com,£60.99 £609.90/L,https://www.idealo.co.uk/relocator/relocate?categoryId=3972&offerKey=8196f624fa71b79cc3ecac8be523b1fe&offerListId=4686164-EF70DE744F811302A4134C2C277641EA&pos=14&price=60.99&productid=4686164&sid=314440&type=offer
01-JC-BLO-PS100,JIMMY CHOO BLOSSOM EDP-S 100ML,3386460066273.0,48,76.0,24.5,,,0.0,4686164.0,escentual.com(UK),£76.00 £760.00/L,https://www.idealo.co.uk/relocator/relocate?categoryId=3972&offerKey=a4b2f13ff3cb9b491c70bf10811963a8&offerListId=4686164-EF70DE744F811302A4134C2C277641EA&pos=15&price=76.00&productid=4686164&sid=21988&type=offer
01-JC-BLO-PS100,JIMMY CHOO BLOSSOM EDP-S 100ML,3386460066273.0,48,76.0,24.5,,,0.0,4686164.0,Lookfantastic.com (UK),£76.00 £760.00/L,https://www.idealo.co.uk/relocator/relocate?categoryId=3972&offerKey=26840861e732705179bae85afbc5389f&offerListId=4686164-EF70DE744F811302A4134C2C277641EA&pos=16&price=76.00&productid=4686164&sid=24416&type=offer
01-JC-BLO-PS100,JIMMY CHOO BLOSSOM EDP-S 100ML,3386460066273.0,48,76.0,24.5,,,0.0,4686164.0,freemans.com (UK),£76.00 £760.00/L,https://www.idealo.co.uk/relocator/relocate?categoryId=3972&offerKey=c9f1486eee0d2bcecb897be4966affc0&offerListId=4686164-EF70DE744F811302A4134C2C277641EA&pos=17&price=76.00&productid=4686164&sid=320471&type=offer
01-JC-BLO-PS100,JIMMY CHOO BLOSSOM EDP-S 100ML,3386460066273.0,48,76.0,24.5,,,0.0,4686164.0,Pharmacy2u.co.uk,£76.00 £760.00/L,https://www.idealo.co.uk/relocator/relocate?categoryId=3972&offerKey=da12adf07354952213327fc00ec1d286&offerListId=4686164-EF70DE744F811302A4134C2C277641EA&pos=18&price=76.00&productid=4686164&sid=25468&type=offer
01-JC-BLO-PS100,JIMMY CHOO BLOSSOM EDP-S 100ML,3386460066273.0,48,76.0,24.5,,,0.0,4686164.0,selfridges.com/GB/en/,£76.00 £760.00/L,https://www.idealo.co.uk/relocator/relocate?categoryId=3972&offerKey=28ae57d403b7449cb344b1db9815e296&offerListId=4686164-EF70DE744F811302A4134C2C277641EA&pos=19&price=76.00&productid=4686164&sid=279735&type=offer
01-JC-BLO-PS100,JIMMY CHOO BLOSSOM EDP-S 100ML,3386460066273.0,48,76.0,24.5,,,0.0,4686164.0,cazaar.co.uk,£77.40 £774.00/L,https://www.idealo.co.uk/relocator/relocate?categoryId=3972&offerKey=fcb4e6f6a22e25985dd3395c2a09dba5&offerListId=4686164-EF70DE744F811302A4134C2C277641EA&pos=20&price=77.40&productid=4686164&sid=331015&type=offer
01-JC-BLO-PS40,JIMMY CHOO BLOSSOM EDP-S 40ML,3386460066297.0,1000+,43.0,14.95,,,0.0,4686155.0,Clearchemist.co.uk,£21.50 £537.50/L,https://www.idealo.co.uk/relocator/relocate?categoryId=3972&offerKey=394ec2c2718dea396e8cb48df902076f&offerListId=4686155-4F28575CCFE6D3E5599054E8BA573A5F&pos=1&price=21.50&productid=4686155&sid=289670&type=offer
01-JC-BLO-PS40,JIMMY CHOO BLOSSOM EDP-S 40ML,3386460066297.0,1000+,43.0,14.95,,,0.0,4686155.0,allbeauty.com(UK),£23.90 £597.50/L,https://www.idealo.co.uk/relocator/relocate?categoryId=3972&offerKey=e5cc36925a5f766b8452e2913ccd8d93&offerListId=4686155-4F28575CCFE6D3E5599054E8BA573A5F&pos=2&price=23.90&productid=4686155&sid=28942&type=offer
01-JC-BLO-PS40,JIMMY CHOO BLOSSOM EDP-S 40ML,3386460066297.0,1000+,43.0,14.95,,,0.0,4686155.0,Perfumeclick.co.uk,£25.50 £637.50/L,https://www.idealo.co.uk/relocator/relocate?categoryId=3972&offerKey=7373970b225f86c41f2839f4c50d65bb&offerListId=4686155-4F28575CCFE6D3E5599054E8BA573A5F&pos=3&price=25.50&productid=4686155&sid=69736&type=offer
01-JC-BLO-PS40,JIMMY CHOO BLOSSOM EDP-S 40ML,3386460066297.0,1000+,43.0,14.95,,,0.0,4686155.0,allbeauty.com(UK),£25.95 £648.75/L,https://www.idealo.co.uk/relocator/relocate?categoryId=3972&offerKey=c14545599c83a1bf6791709cc7df7b81&offerListId=4686155-4F28575CCFE6D3E5599054E8BA573A5F&pos=4&price=25.95&productid=4686155&sid=28942&type=offer
01-JC-BLO-PS40,JIMMY CHOO BLOSSOM EDP-S 40ML,3386460066297.0,1000+,43.0,14.95,,,0.0,4686155.0,cosmetify.com,£25.99 £649.75/L,https://www.idealo.co.uk/relocator/relocate?categoryId=3972&offerKey=0dbe8458df75a1697f9ea28403461533&offerListId=4686155-4F28575CCFE6D3E5599054E8BA573A5F&pos=5&price=25.99&productid=4686155&sid=329503&type=offer
01-JC-BLO-PS40,JIMMY CHOO BLOSSOM EDP-S 40ML,3386460066297.0,1000+,43.0,14.95,,,0.0,4686155.0,perfumedirect.com,£25.99 £649.75/L,https://www.idealo.co.uk/relocator/relocate?categoryId=3972&offerKey=4e7ebd1f6f7e22c9a37458f0d802b9e4&offerListId=4686155-4F28575CCFE6D3E5599054E8BA573A5F&pos=6&price=25.99&productid=4686155&sid=318630&type=offer
01-JC-BLO-PS40,JIMMY CHOO BLOSSOM EDP-S 40ML,3386460066297.0,1000+,43.0,14.95,,,0.0,4686155.0,parfumdreams.co.uk,£27.57 £689.25/L,https://www.idealo.co.uk/relocator/relocate?categoryId=3972&offerKey=242a32023bd7607048500d164fc80437&offerListId=4686155-4F28575CCFE6D3E5599054E8BA573A5F&pos=7&price=27.57&productid=4686155&sid=316458&type=offer
01-JC-BLO-PS40,JIMMY CHOO BLOSSOM EDP-S 40ML,3386460066297.0,1000+,43.0,14.95,,,0.0,4686155.0,ebay.co.uk,£27.95 £698.75/L,https://www.idealo.co.uk/relocator/relocate?categoryId=3972&offerKey=ea7a76660bdc43a802b22842a24812dc&offerListId=4686155-4F28575CCFE6D3E5599054E8BA573A5F&pos=8&price=27.95&productid=4686155&sid=22818&type=offer
01-JC-BLO-PS40,JIMMY CHOO BLOSSOM EDP-S 40ML,3386460066297.0,1000+,43.0,14.95,,,0.0,4686155.0,secretsales.com (UK),£28.06 £701.50/L,https://www.idealo.co.uk/relocator/relocate?categoryId=3972&offerKey=4bef300016fac93f9034b80d0d547cc4&offerListId=4686155-4F28575CCFE6D3E5599054E8BA573A5F&pos=9&price=28.06&productid=4686155&sid=324015&type=offer
01-JC-BLO-PS40,JIMMY CHOO BLOSSOM EDP-S 40ML,3386460066297.0,1000+,43.0,14.95,,,0.0,4686155.0,Perfumeclick.co.uk,£29.25 £731.25/L,https://www.idealo.co.uk/relocator/relocate?categoryId=3972&offerKey=3eec610897e5fa6ef02e74979546351e&offerListId=4686155-4F28575CCFE6D3E5599054E8BA573A5F&pos=10&price=29.25&productid=4686155&sid=69736&type=offer
01-JC-BLO-PS40,JIMMY CHOO BLOSSOM EDP-S 40ML,3386460066297.0,1000+,43.0,14.95,,,0.0,4686155.0,onbuy.com,£29.90 £747.50/L,https://www.idealo.co.uk/relocator/relocate?categoryId=3972&offerKey=19f8f5213af1caa4c7ee55d7192b00fc&offerListId=4686155-4F28575CCFE6D3E5599054E8BA573A5F&pos=11&price=29.90&productid=4686155&sid=316895&type=offer
01-JC-BLO-PS40,JIMMY CHOO BLOSSOM EDP-S 40ML,3386460066297.0,1000+,43.0,14.95,,,0.0,4686155.0,argos.co.uk,£30.00 £750.00/L,https://www.idealo.co.uk/relocator/relocate?categoryId=3972&offerKey=d6fed73a90facfca93b7ccae85a5cc6b&offerListId=4686155-4F28575CCFE6D3E5599054E8BA573A5F&pos=12&price=30.00&productid=4686155&sid=320560&type=offer
01-JC-BLO-PS40,JIMMY CHOO BLOSSOM EDP-S 40ML,3386460066297.0,1000+,43.0,14.95,,,0.0,4686155.0,cosmetify.com,£30.71 £767.75/L,https://www.idealo.co.uk/relocator/relocate?categoryId=3972&offerKey=fbd46785ecd24f47a7eb2d31152b0932&offerListId=4686155-4F28575CCFE6D3E5599054E8BA573A5F&pos=13&price=30.71&productid=4686155&sid=329503&type=offer
01-JC-BLO-PS40,JIMMY CHOO BLOSSOM EDP-S 40ML,3386460066297.0,1000+,43.0,14.95,,,0.0,4686155.0,groupon.co.uk,£32.50 £812.50/L,https://www.idealo.co.uk/relocator/relocate?categoryId=3972&offerKey=96220f665e8620f01ee7538ded80d015&offerListId=4686155-4F28575CCFE6D3E5599054E8BA573A5F&pos=14&price=32.50&productid=4686155&sid=313205&type=offer
01-JC-BLO-PS40,JIMMY CHOO BLOSSOM EDP-S 40ML,3386460066297.0,1000+,43.0,14.95,,,0.0,4686155.0,beautybase.com(UK),£33.00 £825.00/L,https://www.idealo.co.uk/relocator/relocate?categoryId=3972&offerKey=c3b2b5cff39f15ab93edd1387d198d59&offerListId=4686155-4F28575CCFE6D3E5599054E8BA573A5F&pos=15&price=33.00&productid=4686155&sid=299115&type=offer
01-JC-BLO-PS40,JIMMY CHOO BLOSSOM EDP-S 40ML,3386460066297.0,1000+,43.0,14.95,,,0.0,4686155.0,debenhams.com,£34.40 £860.00/L,https://www.idealo.co.uk/relocator/relocate?categoryId=3972&offerKey=4415f4071bff8e8950bb60fa8ad85335&offerListId=4686155-4F28575CCFE6D3E5599054E8BA573A5F&pos=16&price=34.40&productid=4686155&sid=324109&type=offer
01-JC-BLO-PS40,JIMMY CHOO BLOSSOM EDP-S 40ML,3386460066297.0,1000+,43.0,14.95,,,0.0,4686155.0,beautybase.com(UK),£35.00 £875.00/L,https://www.idealo.co.uk/relocator/relocate?categoryId=3972&offerKey=b82c69bf4cd5c5e4fb8c375671044546&offerListId=4686155-4F28575CCFE6D3E5599054E8BA573A5F&pos=17&price=35.00&productid=4686155&sid=299115&type=offer
01-JC-BLO-PS40,JIMMY CHOO BLOSSOM EDP-S 40ML,3386460066297.0,1000+,43.0,14.95,,,0.0,4686155.0,Fragrancedirect.co.uk,£36.25 £906.25/L,https://www.idealo.co.uk/relocator/relocate?categoryId=3972&offerKey=ed0365a48667f5a096741cfae75ee6a7&offerListId=4686155-4F28575CCFE6D3E5599054E8BA573A5F&pos=18&price=36.25&productid=4686155&sid=21971&type=offer
01-JC-BLO-PS40,JIMMY CHOO BLOSSOM EDP-S 40ML,3386460066297.0,1000+,43.0,14.95,,,0.0,4686155.0,Boots.com (UK),£36.55 £913.75/L,https://www.idealo.co.uk/relocator/relocate?categoryId=3972&offerKey=1b2eb44a35bd9a5d35c04acc8b5052e1&offerListId=4686155-4F28575CCFE6D3E5599054E8BA573A5F&pos=19&price=36.55&productid=4686155&sid=27286&type=offer
01-JC-BLO-PS40,JIMMY CHOO BLOSSOM EDP-S 40ML,3386460066297.0,1000+,43.0,14.95,,,0.0,4686155.0,escentual.com(UK),£37.50 £937.50/L,https://www.idealo.co.uk/relocator/relocate?categoryId=3972&offerKey=f9018b961c0a836fd6bf5437792081aa&offerListId=4686155-4F28575CCFE6D3E5599054E8BA573A5F&pos=20&price=37.50&productid=4686155&sid=21988&type=offer
01-JC-FEV-PS100-D,JIMMY CHOO FEVER EDP-S 100ML,3386460097321.0,480,94.0,24.5,New In,,0.0,6260557.0,perfumeprice.co.uk,£39.95 £399.50/L,https://www.idealo.co.uk/relocator/relocate?categoryId=3972&offerKey=9f5ccfc963ba130d3f501e985268ea07&offerListId=6260557-CFEABCECDE5C444727D4DB105600BD1F&pos=1&price=39.95&productid=6260557&sid=321700&type=offer
01-JC-FEV-PS100-D,JIMMY CHOO FEVER EDP-S 100ML,3386460097321.0,480,94.0,24.5,New In,,0.0,6260557.0,cosmetify.com,£44.99 £449.90/L,https://www.idealo.co.uk/relocator/relocate?categoryId=3972&offerKey=4689b8ea9820716f7dea6a60f5f2ddee&offerListId=6260557-CFEABCECDE5C444727D4DB105600BD1F&pos=2&price=44.99&productid=6260557&sid=329503&type=offer
01-JC-FEV-PS100-D,JIMMY CHOO FEVER EDP-S 100ML,3386460097321.0,480,94.0,24.5,New In,,0.0,6260557.0,perfumedirect.com,£44.99 £449.90/L,https://www.idealo.co.uk/relocator/relocate?categoryId=3972&offerKey=1da97eee34f7b877c4c30fffe874e9a0&offerListId=6260557-CFEABCECDE5C444727D4DB105600BD1F&pos=3&price=44.99&productid=6260557&sid=318630&type=offer
01-JC-FEV-PS100-D,JIMMY CHOO FEVER EDP-S 100ML,3386460097321.0,480,94.0,24.5,New In,,0.0,6260557.0,ebay.co.uk,£49.93 £499.30/L,https://www.idealo.co.uk/relocator/relocate?categoryId=3972&offerKey=6925b5477242347acd99d52826355276&offerListId=6260557-CFEABCECDE5C444727D4DB105600BD1F&pos=4&price=49.93&productid=6260557&sid=22818&type=offer
01-JC-FEV-PS100-D,JIMMY CHOO FEVER EDP-S 100ML,3386460097321.0,480,94.0,24.5,New In,,0.0,6260557.0,allbeauty.com(UK),£49.95 £499.50/L,https://www.idealo.co.uk/relocator/relocate?categoryId=3972&offerKey=8224b15d7b317a4e629227a33db841ed&offerListId=6260557-CFEABCECDE5C444727D4DB105600BD1F&pos=5&price=49.95&productid=6260557&sid=28942&type=offer
01-JC-FEV-PS100-D,JIMMY CHOO FEVER EDP-S 100ML,3386460097321.0,480,94.0,24.5,New In,,0.0,6260557.0,secretsales.com (UK),£50.05 £500.50/L,https://www.idealo.co.uk/relocator/relocate?categoryId=3972&offerKey=71943020d6a3946f989439fc6eb0468a&offerListId=6260557-CFEABCECDE5C444727D4DB105600BD1F&pos=6&price=50.05&productid=6260557&sid=324015&type=offer
01-JC-FEV-PS100-D,JIMMY CHOO FEVER EDP-S 100ML,3386460097321.0,480,94.0,24.5,New In,,0.0,6260557.0,,£50.96 £509.60/L,https://www.idealo.co.uk/relocator/relocate?categoryId=3972&offerKey=480738a9af518240996783bb57446827&offerListId=6260557-CFEABCECDE5C444727D4DB105600BD1F&pos=7&price=50.96&productid=6260557&sid=307734&type=offer
01-JC-FEV-PS100-D,JIMMY CHOO FEVER EDP-S 100ML,3386460097321.0,480,94.0,24.5,New In,,0.0,6260557.0,gorgeousshop.com (UK),£54.99 £549.90/L,https://www.idealo.co.uk/relocator/relocate?categoryId=3972&offerKey=7fd453f4ba09288ac61f4d28669e915f&offerListId=6260557-CFEABCECDE5C444727D4DB105600BD1F&pos=8&price=54.99&productid=6260557&sid=28273&type=offer
01-JC-FEV-PS100-D,JIMMY CHOO FEVER EDP-S 100ML,3386460097321.0,480,94.0,24.5,New In,,0.0,6260557.0,my-origines.com(UK),£56.33 £563.30/L,https://www.idealo.co.uk/relocator/relocate?categoryId=3972&offerKey=5828b7f7e35d33ca35ea0db580d2e383&offerListId=6260557-CFEABCECDE5C444727D4DB105600BD1F&pos=9&price=56.33&productid=6260557&sid=328503&type=offer
01-JC-FEV-PS100-D,JIMMY CHOO FEVER EDP-S 100ML,3386460097321.0,480,94.0,24.5,New In,,0.0,6260557.0,beautybase.com(UK),£59.95 £599.50/L,https://www.idealo.co.uk/relocator/relocate?categoryId=3972&offerKey=b8614e2776060528f916276c79b4038d&offerListId=6260557-CFEABCECDE5C444727D4DB105600BD1F&pos=10&price=59.95&productid=6260557&sid=299115&type=offer
01-JC-FEV-PS100-D,JIMMY CHOO FEVER EDP-S 100ML,3386460097321.0,480,94.0,24.5,New In,,0.0,6260557.0,Tjhughes.co.uk,£60.00 £600.00/L,https://www.idealo.co.uk/relocator/relocate?categoryId=3972&offerKey=3bca752560fdbddb66159e1a89176886&offerListId=6260557-CFEABCECDE5C444727D4DB105600BD1F&pos=11&price=60.00&productid=6260557&sid=28759&type=offer
01-JC-FEV-PS100-D,JIMMY CHOO FEVER EDP-S 100ML,3386460097321.0,480,94.0,24.5,New In,,0.0,6260557.0,onbuy.com,£60.55 £605.50/L,https://www.idealo.co.uk/relocator/relocate?categoryId=3972&offerKey=219000fb045a7e830e9135e4fc897ee1&offerListId=6260557-CFEABCECDE5C444727D4DB105600BD1F&pos=12&price=60.55&productid=6260557&sid=316895&type=offer
01-JC-FEV-PS100-D,JIMMY CHOO FEVER EDP-S 100ML,3386460097321.0,480,94.0,24.5,New In,,0.0,6260557.0,parfumdreams.co.uk,£63.79 £637.90/L,https://www.idealo.co.uk/relocator/relocate?categoryId=3972&offerKey=16220f9192a7293b094d33f2701e8a28&offerListId=6260557-CFEABCECDE5C444727D4DB105600BD1F&pos=13&price=63.79&productid=6260557&sid=316458&type=offer
01-JC-FEV-PS100-D,JIMMY CHOO FEVER EDP-S 100ML,3386460097321.0,480,94.0,24.5,New In,,0.0,6260557.0,Thefragrancecounter.com (UK),£71.95 £719.50/L,https://www.idealo.co.uk/relocator/relocate?categoryId=3972&offerKey=bbce335ede9f813a0e6d4e9f090f621e&offerListId=6260557-CFEABCECDE5C444727D4DB105600BD1F&pos=14&price=71.95&productid=6260557&sid=299378&type=offer
01-JC-FEV-PS100-D,JIMMY CHOO FEVER EDP-S 100ML,3386460097321.0,480,94.0,24.5,New In,,0.0,6260557.0,debenhams.com,£75.20 £752.00/L,https://www.idealo.co.uk/relocator/relocate?categoryId=3972&offerKey=1634291550b693c4c490c2b3a0360b8d&offerListId=6260557-CFEABCECDE5C444727D4DB105600BD1F&pos=15&price=75.20&productid=6260557&sid=324109&type=offer
01-JC-FEV-PS100-D,JIMMY CHOO FEVER EDP-S 100ML,3386460097321.0,480,94.0,24.5,New In,,0.0,6260557.0,Fragrancedirect.co.uk,£77.95 £779.50/L,https://www.idealo.co.uk/relocator/relocate?categoryId=3972&offerKey=2a7935224d55873619a46548c6ea9623&offerListId=6260557-CFEABCECDE5C444727D4DB105600BD1F&pos=16&price=77.95&productid=6260557&sid=21971&type=offer
01-JC-FEV-PS100-D,JIMMY CHOO FEVER EDP-S 100ML,3386460097321.0,480,94.0,24.5,New In,,0.0,6260557.0,amazon.co.uk,£79.90 £799.00/L,https://www.idealo.co.uk/relocator/relocate?categoryId=3972&offerKey=0ffba66a5b25201386a419b063911fdc&offerListId=6260557-CFEABCECDE5C444727D4DB105600BD1F&pos=17&price=79.90&productid=6260557&sid=12004&type=offer
01-JC-FEV-PS100-D,JIMMY CHOO FEVER EDP-S 100ML,3386460097321.0,480,94.0,24.5,New In,,0.0,6260557.0,sephora.co.uk,£80.57 £805.70/L,https://www.idealo.co.uk/relocator/relocate?categoryId=3972&offerKey=14169f479c01477e6188d285f293b030&offerListId=6260557-CFEABCECDE5C444727D4DB105600BD1F&pos=18&price=80.57&productid=6260557&sid=27998&type=offer
01-JC-FEV-PS100-D,JIMMY CHOO FEVER EDP-S 100ML,3386460097321.0,480,94.0,24.5,New In,,0.0,6260557.0,argos.co.uk,£86.00 £860.00/L,https://www.idealo.co.uk/relocator/relocate?categoryId=3972&offerKey=09011b3e0626b5ca65083e18b62e23b4&offerListId=6260557-CFEABCECDE5C444727D4DB105600BD1F&pos=19&price=86.00&productid=6260557&sid=320560&type=offer
01-JC-FEV-PS100-D,JIMMY CHOO FEVER EDP-S 100ML,3386460097321.0,480,94.0,24.5,New In,,0.0,6260557.0,freemans.com (UK),£91.00 £910.00/L,https://www.idealo.co.uk/relocator/relocate?categoryId=3972&offerKey=73ac93c4e3b36cba8ebf6a8f06289749&offerListId=6260557-CFEABCECDE5C444727D4DB105600BD1F&pos=20&price=91.00&productid=6260557&sid=320471&type=offer
01-JC-FEV-PS4.5,JIMMY CHOO FEVER EDP 4.5ML MINI,3386460097376.0,1000+,12.0,3.25,,,0.0,6765013.0,Directcosmetics.com(UK),£5.99,https://www.idealo.co.uk/relocator/relocate?categoryId=3972&offerKey=a4b852b2f9ae5da484c938fd62667696&offerListId=6765013-C170E608C411D4246512657FE65501D8&pos=1&price=5.99&productid=6765013&sid=24317&type=offer
01-JC-FEV-PS4.5,JIMMY CHOO FEVER EDP 4.5ML MINI,3386460097376.0,1000+,12.0,3.25,,,0.0,6765013.0,cosmetify.com,£6.98,https://www.idealo.co.uk/relocator/relocate?categoryId=3972&offerKey=646f62a5f726cb8991c4be5d4da7fca3&offerListId=6765013-C170E608C411D4246512657FE65501D8&pos=2&price=6.98&productid=6765013&sid=329503&type=offer
01-JC-FEV-PS4.5,JIMMY CHOO FEVER EDP 4.5ML MINI,3386460097376.0,1000+,12.0,3.25,,,0.0,6765013.0,perfumedirect.com,£7.99,https://www.idealo.co.uk/relocator/relocate?categoryId=3972&offerKey=ebf5feb8b13ea759e306c6ce9143d2dd&offerListId=6765013-C170E608C411D4246512657FE65501D8&pos=3&price=7.99&productid=6765013&sid=318630&type=offer
01-JC-FEV-PS4.5,JIMMY CHOO FEVER EDP 4.5ML MINI,3386460097376.0,1000+,12.0,3.25,,,0.0,6765013.0,onbuy.com,£8.74,https://www.idealo.co.uk/relocator/relocate?categoryId=3972&offerKey=e544a3054c0f891ce915fd4c81b804f2&offerListId=6765013-C170E608C411D4246512657FE65501D8&pos=4&price=8.74&productid=6765013&sid=316895&type=offer
01-JC-FEV-PS4.5,JIMMY CHOO FEVER EDP 4.5ML MINI,3386460097376.0,1000+,12.0,3.25,,,0.0,6765013.0,cazaar.co.uk,£12.90,https://www.idealo.co.uk/relocator/relocate?categoryId=3972&offerKey=471bfd477386893364ad7368b6950c12&offerListId=6765013-C170E608C411D4246512657FE65501D8&pos=5&price=12.90&productid=6765013&sid=331015&type=offer
01-JC-FEV-PS4.5,JIMMY CHOO FEVER EDP 4.5ML MINI,3386460097376.0,1000+,12.0,3.25,,,0.0,6765013.0,ebay.co.uk,£15.49,https://www.idealo.co.uk/relocator/relocate?categoryId=3972&offerKey=9b21e337f63a71fee83b98dbdf461f77&offerListId=6765013-C170E608C411D4246512657FE65501D8&pos=6&price=15.49&productid=6765013&sid=22818&type=offer
02-CK-CK1-DST75,CK ONE DEO STICK 75G,88300108978.0,1000+,13.0,5.25,,,0.0,804968.0,beautybase.com(UK),£6.95 £92.67/L,https://www.idealo.co.uk/relocator/relocate?categoryId=18454&offerKey=343515a1e3ac6cafcc9709c395e611f4&offerListId=804968-0381C94445DD76FC52D1EA53E29893D1&pos=1&price=6.95&productid=804968&sid=299115&type=offer
02-CK-CK1-DST75,CK ONE DEO STICK 75G,88300108978.0,1000+,13.0,5.25,,,0.0,804968.0,Clearchemist.co.uk,£7.75 £103.33/L,https://www.idealo.co.uk/relocator/relocate?categoryId=18454&offerKey=89c567bf290ef4e73c616f9cc4edf9de&offerListId=804968-0381C94445DD76FC52D1EA53E29893D1&pos=2&price=7.75&productid=804968&sid=289670&type=offer
02-CK-CK1-DST75,CK ONE DEO STICK 75G,88300108978.0,1000+,13.0,5.25,,,0.0,804968.0,,£7.76 £103.47/L,https://www.idealo.co.uk/relocator/relocate?categoryId=18454&offerKey=57970e3d078e07f596d34000bb452165&offerListId=804968-0381C94445DD76FC52D1EA53E29893D1&pos=3&price=7.76&productid=804968&sid=307734&type=offer
02-CK-CK1-DST75,CK ONE DEO STICK 75G,88300108978.0,1000+,13.0,5.25,,,0.0,804968.0,my-origines.com(UK),£8.21 £109.47/L,https://www.idealo.co.uk/relocator/relocate?categoryId=18454&offerKey=cdb88515e97e2d0876bbcd748337603a&offerListId=804968-0381C94445DD76FC52D1EA53E29893D1&pos=4&price=8.21&productid=804968&sid=328503&type=offer
02-CK-CK1-DST75,CK ONE DEO STICK 75G,88300108978.0,1000+,13.0,5.25,,,0.0,804968.0,allbeauty.com(UK),£9.50 £126.67/L,https://www.idealo.co.uk/relocator/relocate?categoryId=18454&offerKey=4906555b8ed2560a1d7ec39b8b1f1d4b&offerListId=804968-0381C94445DD76FC52D1EA53E29893D1&pos=5&price=9.50&productid=804968&sid=28942&type=offer
02-CK-CK1-DST75,CK ONE DEO STICK 75G,88300108978.0,1000+,13.0,5.25,,,0.0,804968.0,Fragrancedirect.co.uk,£9.95 £132.67/L,https://www.idealo.co.uk/relocator/relocate?categoryId=18454&offerKey=1ac28e6f492399755c1de72ecf07cf3c&offerListId=804968-0381C94445DD76FC52D1EA53E29893D1&pos=6&price=9.95&productid=804968&sid=21971&type=offer
02-CK-CK1-DST75,CK ONE DEO STICK 75G,88300108978.0,1000+,13.0,5.25,,,0.0,804968.0,Directcosmetics.com(UK),£9.99 £133.20/L,https://www.idealo.co.uk/relocator/relocate?categoryId=18454&offerKey=bdda4ef49ec23814b346d8b262e4d137&offerListId=804968-0381C94445DD76FC52D1EA53E29893D1&pos=7&price=9.99&productid=804968&sid=24317&type=offer
02-CK-CK1-DST75,CK ONE DEO STICK 75G,88300108978.0,1000+,13.0,5.25,,,0.0,804968.0,parfumdreams.co.uk,£10.33 £137.73/L,https://www.idealo.co.uk/relocator/relocate?categoryId=18454&offerKey=f1c6c0eec8077a36149cd8e6cdc28931&offerListId=804968-0381C94445DD76FC52D1EA53E29893D1&pos=8&price=10.33&productid=804968&sid=316458&type=offer
02-CK-CK1-DST75,CK ONE DEO STICK 75G,88300108978.0,1000+,13.0,5.25,,,0.0,804968.0,cosmetify.com,£10.89 £145.20/L,https://www.idealo.co.uk/relocator/relocate?categoryId=18454&offerKey=83330db326ea889773cca815f6237a7a&offerListId=804968-0381C94445DD76FC52D1EA53E29893D1&pos=9&price=10.89&productid=804968&sid=329503&type=offer
02-CK-CK1-DST75,CK ONE DEO STICK 75G,88300108978.0,1000+,13.0,5.25,,,0.0,804968.0,perfumedirect.com,£10.89 £145.20/L,https://www.idealo.co.uk/relocator/relocate?categoryId=18454&offerKey=a580c21a5c86df4c9d37da447e18d956&offerListId=804968-0381C94445DD76FC52D1EA53E29893D1&pos=10&price=10.89&productid=804968&sid=318630&type=offer
02-CK-CK1-DST75,CK ONE DEO STICK 75G,88300108978.0,1000+,13.0,5.25,,,0.0,804968.0,ebay.co.uk,£11.49 £153.20/L,https://www.idealo.co.uk/relocator/relocate?categoryId=18454&offerKey=2f2d630aa4f885d8a5e9582644b42657&offerListId=804968-0381C94445DD76FC52D1EA53E29893D1&pos=11&price=11.49&productid=804968&sid=22818&type=offer
02-CK-CK1-DST75,CK ONE DEO STICK 75G,88300108978.0,1000+,13.0,5.25,,,0.0,804968.0,Luxplus.co.uk,£11.99 £159.87/L,https://www.idealo.co.uk/relocator/relocate?categoryId=18454&offerKey=b2c96cc5b7edddcac01f1af8ef3185e9&offerListId=804968-0381C94445DD76FC52D1EA53E29893D1&pos=12&price=11.99&productid=804968&sid=322970&type=offer
02-CK-CK1-DST75,CK ONE DEO STICK 75G,88300108978.0,1000+,13.0,5.25,,,0.0,804968.0,escentual.com(UK),£13.00 £173.33/L,https://www.idealo.co.uk/relocator/relocate?categoryId=18454&offerKey=cbf13e36e8b82684806be46038c79581&offerListId=804968-0381C94445DD76FC52D1EA53E29893D1&pos=13&price=13.00&productid=804968&sid=21988&type=offer
02-CK-CK1-DST75,CK ONE DEO STICK 75G,88300108978.0,1000+,13.0,5.25,,,0.0,804968.0,jarrold.co.uk,£13.00 £173.33/L,https://www.idealo.co.uk/relocator/relocate?categoryId=18454&offerKey=977fee31eb1cb63401e26793dc488726&offerListId=804968-0381C94445DD76FC52D1EA53E29893D1&pos=14&price=13.00&productid=804968&sid=320866&type=offer
02-CK-CK1-DST75,CK ONE DEO STICK 75G,88300108978.0,1000+,13.0,5.25,,,0.0,804968.0,amazon.co.uk,£16.50 £220.00/L,https://www.idealo.co.uk/relocator/relocate?categoryId=18454&offerKey=2d90958ee5ed0ee6277394648c0b6fde&offerListId=804968-0381C94445DD76FC52D1EA53E29893D1&pos=15&price=16.50&productid=804968&sid=12004&type=offer
02-CK-CK1-DST75,CK ONE DEO STICK 75G,88300108978.0,1000+,13.0,5.25,,,0.0,804968.0,onbuy.com,£16.89 £225.20/L,https://www.idealo.co.uk/relocator/relocate?categoryId=18454&offerKey=6fc12353babee41a1a6626329bf77de1&offerListId=804968-0381C94445DD76FC52D1EA53E29893D1&pos=16&price=16.89&productid=804968&sid=316895&type=offer
